2404 3914
529 255 585 336 5³4

139 455 295 544 pueritia,
312 478 465 544 somnus,
479 455 722 555 imprudentia,
738 458 933 547 vinolentia,
950 454 1045 560 insaf

89 555 247 726 ppafflpgprs
259 556 394 656 generis
406 574 499 648 sunt,
515 583 560 630 ex
574 558 697 657 quibus
712 557 897 657 saepissime
914 583 1051 632 verum·

94 847 286 940 Credimus,
309 848 414 948 inque
429 811 538 926 vicem
554 855 749 950 praebemus
769 877 869 927 crura
885 852 1040 952 flagellis«

93 943 228 1020 Vintur
244 949 311 1022 hoc
328 968 440 1045 pacto.

150 1143 282 1218 Orestis
315 1164 350 1219 et
374 1147 510 1244 Pyladis
535 1147 679 1221 amicitia
705 1146 934 1221 immortalem
951 1149 1044 1243 apud

95 1258 250 1337 posteros
266 1241 393 1320 famam
410 1247 531 1340 adepta
546 1263 607 1316 est.
660 1247 756 1340 Quid
777 1249 869 1318 enim
894 1246 1043 1319 celebra·

96 1355 172 1410 tum
189 1340 309 1437 magis,
335 1342 442 1437 quim
457 1343 595 1414 illorum
618 1367 734 1414 coram
763 1345 864 1440 Rege
884 1343 1046 1415 Thoante

97 1437 281 1523 eontentio,
307 1455 385 1510 uter
401 1439 617 1512 moreretur?
642 1441 742 1512 Dum
767 1440 851 1512 alter
879 1439 1048 1513 niteretur

96 1535 143 1609 ab
170 1535 276 1607 altero
308 1537 478 1640 depellere
511 1538 640 1610 crimen
665 1555 699 1611 et
726 1537 875 1610 criminis
891 1561 1044 1632 poenam,
1140 1622 1144 1631 1
1200 1593 1201 1604 ,

97 1649 202 1730 atque
216 1633 251 1706 in
267 1659 304 1708 se
319 1633 525 1708 transferre:
551 1636 654 1722 dum,
661 1635 840 1732 ignorante
858 1637 956 1732 Rege
969 1652 1048 1706 uter

99 1755 224 1804 eorum
234 1750 320 1804 esset
332 1735 483 1819 Orestes,
497 1735 642 1830 Pylades
653 1735 814 1805 Orestem
825 1759 861 1805 se
873 1758 944 1804 esse
958 1733 1048 1804 dice-

99 1844 164 1912 ret,
190 1845 229 1898 ut
244 1853 308 1924 pro
323 1831 383 1900 illo
399 1849 604 1920 necaretur3
634 1832 776 1902 Orestes
791 1847 917 1916 autem,
946 1830 991 1902 ita
1008 1845 1063 1901 ut·

99 1940 183 2025 erat,
211 1927 372 1999 Orestem
389 1951 425 1998 se
442 1937 514 1998 esse
529 1944 770 2022 perseveraret.

101 2120 252 2220 surgite,
273 2124 344 2222 jam
359 2120 475 2195 vendit
490 2121 605 2217 pueris
617 2122 788 2220 jentacula
803 2121 919 2218 pistor,

154 2221 379 2318 Cristataeque
394 2236 515 2294 sonant
531 2219 683 2316 undique
700 2219 786 2293 lucis
799 2243 889 2293 aves·

1 2413 2 2424 ’
94 2419 95 2424 ’
150 2417 235 2490 ΝοΙί
265 2402 388 2490 imitari
417 2418 525 2490 malos
557 2416 718 2503 medicos,
774 2417 902 2514 quiin
934 2417 1051 2500 alienis

100 2513 451 2628 pnqrbisprofitentur
467 2540 504 2586 se
524 2532 641 2590 tenere
657 2513 834 2592 medicine
862 2515 1046 2603 scientiam,

101 2635 164 2708 tpsr
180 2634 349 2684 securare
364 2635 437 2682 non
452 2629 606 2708 possunt.

104 2772 158 2849 Ut
171 2775 331 2875 jugulent
346 2772 512 2859 homines,
539 2793 685 2871 surgunt
702 2777 746 2848 de
762 2794 863 2849 nocte
879 2777 1049 2852 latrones:
1145 2823 1149 2830 ·
1167 2812 1174 2821 ·

103 2863 158 2946 Ut
173 2873 320 2970 teipsu'rn
336 2895 459 2960 serves,
484 2893 556 2942 non
572 2872 842 2969 expergisceris?

124 3037 127 3043 ’
151 3037 417 3123 T.Volumnius,
429 3033 576 3134 equestri
588 3035 666 3109 loco
678 3037 849 3126 natus,M.
861 3037 1049 3113 Lucullum

105 3130 311 3206 familiariter
321 3136 483 3208 coluerat
509 3136 602 3208 Eum
615 3133 635 3204 tl
650 3137 703 3207 M.
720 3135 875 3208 Antonio
890 3135 1050 3208 interem-

1 3227 3 3282 l
106 3251 181 3308 tum
196 3232 283 3304 ctlm
298 3231 444 3316 vidisset,
463 3251 497 3304 et
518 3233 634 3305 liceret
649 3229 735 3329 fugi
750 3233 829 3305 vitae
858 3235 1049 3322 consulere,

107 3328 254 3410 exanimi
269 3328 380 3410 amico
396 3329 547 3417 adhaesit,
566 3330 614 3404 sic
629 3329 667 3406 in
680 3331 846 3442 lacrymas
857 3349 891 3405 et
903 3333 1049 3432 gemitus
