<?xml version="1.0" encoding="UTF-8"?>
<!DOCTYPE html PUBLIC "-//W3C//DTD XHTML 1.0 Transitional//EN"
    "http://www.w3.org/TR/xhtml1/DTD/xhtml1-transitional.dtd">
<html xmlns="http://www.w3.org/1999/xhtml" xml:lang="en" lang="en">
 <head>
  <title>
</title>
<meta http-equiv="Content-Type" content="text/html;charset=utf-8" />
  <meta name='ocr-system' content='tesseract 3.04.00' />
  <meta name='ocr-capabilities' content='ocr_page ocr_carea ocr_par ocr_line ocrx_word'/>
</head>
<body>
  <div class='ocr_page' id='page_1' title='image "./delectussentent01valpgoog_0071.png"; bbox 0 0 2404 3914; ppageno 0'>
   <div class='ocr_carea' id='block_1_1' title="bbox 61 427 1009 696">
    <p class='ocr_par' dir='ltr' id='par_1_1' title="bbox 61 427 1006 695">
     <span class='ocr_line' id='line_1_1' title="bbox 63 427 1006 523; baseline -0.003 -23"><span class='ocrx_word' id='word_1_1' title='bbox 63 435 166 507; x_wconf 90' lang='lat' dir='ltr'>rebus</span> <span class='ocrx_word' id='word_1_2' title='bbox 193 429 414 500; x_wconf 66' lang='lat' dir='ltr'>numerundae</span> <span class='ocrx_word' id='word_1_3' title='bbox 442 447 548 500; x_wconf 86' lang='lat' dir='ltr'>sunt:</span> <span class='ocrx_word' id='word_1_4' title='bbox 593 429 716 523; x_wconf 86' lang='lat' dir='ltr'>quippe</span> <span class='ocrx_word' id='word_1_5' title='bbox 750 429 915 512; x_wconf 65' lang='lat' dir='ltr'>homines</span> <span class='ocrx_word' id='word_1_6' title='bbox 953 427 1006 498; x_wconf 92' lang='lat' dir='ltr'>his</span> 
     </span>
     <span class='ocr_line' id='line_1_2' title="bbox 62 525 1009 622; baseline -0.003 -23"><span class='ocrx_word' id='word_1_7' title='bbox 62 533 163 599; x_wconf 87' lang='lat' dir='ltr'>rebus</span> <span class='ocrx_word' id='word_1_8' title='bbox 180 526 466 612; x_wconf 75' lang='lat' dir='ltr'>circumfluentes,</span> <span class='ocrx_word' id='word_1_9' title='bbox 486 553 525 598; x_wconf 87' lang='lat' dir='ltr'>ea</span> <span class='ocrx_word' id='word_1_10' title='bbox 542 528 731 598; x_wconf 83' lang='lat' dir='ltr'>desiderant</span> <span class='ocrx_word' id='word_1_11' title='bbox 748 526 909 610; x_wconf 88' lang='lat' dir='ltr'>maxime,</span> <span class='ocrx_word' id='word_1_12' title='bbox 929 525 1009 622; x_wconf 88' lang='lat' dir='ltr'>qui</span> 
     </span>
     <span class='ocr_line' id='line_1_3' title="bbox 61 626 325 696; baseline 0 -1"><span class='ocrx_word' id='word_1_13' title='bbox 61 628 124 695; x_wconf 93' lang='lat' dir='ltr'>bus</span> <span class='ocrx_word' id='word_1_14' title='bbox 140 626 325 696; x_wconf 81' lang='lat' dir='ltr'>abundant.</span> 
     </span>
    </p>
   </div>
   <div class='ocr_carea' id='block_1_2' title="bbox 60 823 923 1020">
    <p class='ocr_par' dir='ltr' id='par_1_2' title="bbox 60 823 923 1020">
     <span class='ocr_line' id='line_1_4' title="bbox 60 823 923 922; baseline 0.002 -28"><span class='ocrx_word' id='word_1_15' title='bbox 60 824 175 895; x_wconf 82' lang='lat' dir='ltr'><strong>Dulce</strong></span> <span class='ocrx_word' id='word_1_16' title='bbox 194 823 282 895; x_wconf 83' lang='lat' dir='ltr'>mori</span> <span class='ocrx_word' id='word_1_17' title='bbox 300 825 437 910; x_wconf 75' lang='lat' dir='ltr'>miseris,</span> <span class='ocrx_word' id='word_1_18' title='bbox 458 826 517 896; x_wconf 86' lang='lat' dir='ltr'>sed</span> <span class='ocrx_word' id='word_1_19' title='bbox 535 851 628 897; x_wconf 89' lang='lat' dir='ltr'>mors</span> <span class='ocrx_word' id='word_1_20' title='bbox 646 845 758 922; x_wconf 79' lang='lat' dir='ltr'>optata</span> <span class='ocrx_word' id='word_1_21' title='bbox 771 823 894 896; x_wconf 83' lang='lat' dir='ltr'>recedit</span> <span class='ocrx_word' id='word_1_22' title='bbox 913 850 923 896; x_wconf 92' lang='lat'><strong>:</strong></span> 
     </span>
     <span class='ocr_line' id='line_1_5' title="bbox 93 922 814 1020; baseline 0 -26"><span class='ocrx_word' id='word_1_23' title='bbox 93 927 162 994; x_wconf 64' lang='lat' dir='ltr'>*At</span> <span class='ocrx_word' id='word_1_24' title='bbox 179 926 264 995; x_wconf 77' lang='lat' dir='ltr'>cum</span> <span class='ocrx_word' id='word_1_25' title='bbox 282 925 382 994; x_wconf 88' lang='lat' dir='ltr'>tristis</span> <span class='ocrx_word' id='word_1_26' title='bbox 399 926 471 1008; x_wconf 79' lang='lat' dir='ltr'>erit,</span> <span class='ocrx_word' id='word_1_27' title='bbox 489 925 696 1020; x_wconf 72' lang='lat' dir='ltr'>praecipitata</span> <span class='ocrx_word' id='word_1_28' title='bbox 714 922 814 996; x_wconf 84' lang='lat' dir='ltr'>venit.</span> 
     </span>
    </p>
   </div>
   <div class='ocr_carea' id='block_1_3' title="bbox 64 1111 1059 1894">
    <p class='ocr_par' dir='ltr' id='par_1_3' title="bbox 64 1111 1059 1894">
     <span class='ocr_line' id='line_1_6' title="bbox 113 1111 1012 1208; baseline -0.001 -25"><span class='ocrx_word' id='word_1_29' title='bbox 113 1113 315 1184; x_wconf 85' lang='lat' dir='ltr'>Alexandro</span> <span class='ocrx_word' id='word_1_30' title='bbox 367 1113 488 1183; x_wconf 78' lang='lat' dir='ltr'>Otiet</span> <span class='ocrx_word' id='word_1_31' title='bbox 436 1131 488 1208; x_wconf 89' lang='lat' dir='ltr'>ut</span> <span class='ocrx_word' id='word_1_32' title='bbox 491 1113 517 1183; x_wconf 85' lang='lat' dir='ltr'>is</span> <span class='ocrx_word' id='word_1_33' title='bbox 563 1112 683 1184; x_wconf 78' lang='lat' dir='ltr'>victori</span> <span class='ocrx_word' id='word_1_34' title='bbox 730 1111 899 1184; x_wconf 87' lang='lat' dir='ltr'>Corinthii</span> <span class='ocrx_word' id='word_1_35' title='bbox 948 1135 1012 1207; x_wconf 82' lang='lat' dir='ltr'>pet·</span> 
     </span>
     <span class='ocr_line' id='line_1_7' title="bbox 65 1209 1010 1308; baseline 0 -28"><span class='ocrx_word' id='word_1_36' title='bbox 65 1212 155 1281; x_wconf 74' lang='lat' dir='ltr'>let</span> <span class='ocrx_word' id='word_1_37' title='bbox 80 1203 474 1308; x_wconf 74' lang='lat' dir='ltr'>egatosgtatulatistnt,</span> <span class='ocrx_word' id='word_1_38' title='bbox 495 1230 528 1281; x_wconf 89' lang='lat' dir='ltr'>et</span> <span class='ocrx_word' id='word_1_39' title='bbox 516 1209 797 1280; x_wconf 85' lang='lat' dir='ltr'>tcivituteillum</span> <span class='ocrx_word' id='word_1_40' title='bbox 821 1210 1010 1281; x_wconf 82' lang='lat' dir='ltr'>suadona-</span> 
     </span>
     <span class='ocr_line' id='line_1_8' title="bbox 64 1308 1011 1418; baseline -0.001 -38"><span class='ocrx_word' id='word_1_41' title='bbox 64 1325 198 1380; x_wconf 87' lang='lat' dir='ltr'>verunt.</span> <span class='ocrx_word' id='word_1_42' title='bbox 228 1309 364 1379; x_wconf 76' lang='lat' dir='ltr'>Cium</span> <span class='ocrx_word' id='word_1_43' title='bbox 340 1309 460 1378; x_wconf 75' lang='lat' dir='ltr'>risisset</span> <span class='ocrx_word' id='word_1_44' title='bbox 472 1309 652 1378; x_wconf 77' lang='lat' dir='ltr'>Alexande</span> <span class='ocrx_word' id='word_1_45' title='bbox 645 1308 749 1418; x_wconf 81' lang='lat' dir='ltr'>rhpc</span> <span class='ocrx_word' id='word_1_46' title='bbox 768 1332 906 1393; x_wconf 87' lang='lat' dir='ltr'>munus,</span> <span class='ocrx_word' id='word_1_47' title='bbox 921 1332 1011 1380; x_wconf 89' lang='lat' dir='ltr'>unus</span> 
     </span>
     <span class='ocr_line' id='line_1_9' title="bbox 65 1401 1011 1508; baseline -0.001 -30"><span class='ocrx_word' id='word_1_48' title='bbox 65 1433 111 1478; x_wconf 85' lang='lat' dir='ltr'>ex</span> <span class='ocrx_word' id='word_1_49' title='bbox 133 1404 273 1500; x_wconf 85' lang='lat' dir='ltr'>legatis.</span> <span class='ocrx_word' id='word_1_50' title='bbox 301 1404 408 1488; x_wconf 82' lang='lat' dir='ltr'>Nulli,</span> <span class='ocrx_word' id='word_1_51' title='bbox 437 1403 555 1498; x_wconf 87' lang='lat' dir='ltr'>inquit,</span> <span class='ocrx_word' id='word_1_52' title='bbox 580 1401 689 1474; x_wconf 86' lang='lat' dir='ltr'>alii</span> <span class='ocrx_word' id='word_1_53' title='bbox 661 1403 829 1476; x_wconf 74' lang='lat' dir='ltr'>civitatem</span> <span class='ocrx_word' id='word_1_54' title='bbox 858 1430 1011 1508; x_wconf 82' lang='lat' dir='ltr'>uuquam</span> 
     </span>
     <span class='ocr_line' id='line_1_10' title="bbox 64 1499 1011 1597; baseline -0.002 -21"><span class='ocrx_word' id='word_1_55' title='bbox 64 1505 233 1588; x_wconf 87' lang='lat' dir='ltr'>dedimus,</span> <span class='ocrx_word' id='word_1_56' title='bbox 250 1527 357 1597; x_wconf 88' lang='lat' dir='ltr'>quam</span> <span class='ocrx_word' id='word_1_57' title='bbox 380 1501 534 1574; x_wconf 77' lang='lat' dir='ltr'><strong>Herculi.</strong></span> <span class='ocrx_word' id='word_1_58' title='bbox 584 1503 679 1572; x_wconf 90' lang='lat' dir='ltr'>Tum</span> <span class='ocrx_word' id='word_1_59' title='bbox 700 1500 784 1573; x_wconf 69' lang='lat' dir='ltr'>veru</span> <span class='ocrx_word' id='word_1_60' title='bbox 811 1501 873 1572; x_wconf 91' lang='lat' dir='ltr'>Al</span> <span class='ocrx_word' id='word_1_61' title='bbox 862 1499 1011 1574; x_wconf 79' lang='lat' dir='ltr'>xander</span> 
     </span>
     <span class='ocr_line' id='line_1_11' title="bbox 67 1601 1013 1716; baseline 0 -42"><span class='ocrx_word' id='word_1_62' title='bbox 67 1604 191 1676; x_wconf 86' lang='lat' dir='ltr'>lubens</span> <span class='ocrx_word' id='word_1_63' title='bbox 204 1602 332 1716; x_wconf 80' lang='lat' dir='ltr'>accepit</span> <span class='ocrx_word' id='word_1_64' title='bbox 349 1601 539 1672; x_wconf 86' lang='lat' dir='ltr'>honorem:</span> <span class='ocrx_word' id='word_1_65' title='bbox 558 1624 670 1694; x_wconf 84' lang='lat' dir='ltr'>neque</span> <span class='ocrx_word' id='word_1_66' title='bbox 686 1617 757 1671; x_wconf 79' lang='lat' dir='ltr'>tam</span> <span class='ocrx_word' id='word_1_67' title='bbox 773 1623 832 1672; x_wconf 86' lang='lat' dir='ltr'>eos</span> <span class='ocrx_word' id='word_1_68' title='bbox 849 1601 1013 1716; x_wconf 78' lang='lat' dir='ltr'>respexit,</span> 
     </span>
     <span class='ocr_line' id='line_1_12' title="bbox 66 1699 1059 1810; baseline 0 -38"><span class='ocrx_word' id='word_1_69' title='bbox 66 1701 126 1796; x_wconf 89' lang='lat' dir='ltr'>qui</span> <span class='ocrx_word' id='word_1_70' title='bbox 149 1699 210 1772; x_wconf 85' lang='lat' dir='ltr'>sibi</span> <span class='ocrx_word' id='word_1_71' title='bbox 227 1701 395 1772; x_wconf 85' lang='lat' dir='ltr'>civitatem</span> <span class='ocrx_word' id='word_1_72' title='bbox 419 1701 594 1782; x_wconf 82' lang='lat' dir='ltr'><strong>donarent,</strong></span> <span class='ocrx_word' id='word_1_73' title='bbox 613 1696 848 1794; x_wconf 65' lang='lat' dir='ltr'>quantillum,</span> <span class='ocrx_word' id='word_1_74' title='bbox 870 1699 926 1771; x_wconf 89' lang='lat' dir='ltr'>cui</span> <span class='ocrx_word' id='word_1_75' title='bbox 941 1700 1013 1810; x_wconf 78' lang='lat' dir='ltr'>uni,</span> <span class='ocrx_word' id='word_1_76' title='bbox 1053 1727 1059 1740; x_wconf 94' lang='lat'><strong>·</strong></span> 
     </span>
     <span class='ocr_line' id='line_1_13' title="bbox 66 1799 542 1894; baseline -0.004 -24"><span class='ocrx_word' id='word_1_77' title='bbox 66 1800 251 1894; x_wconf 85' lang='lat' dir='ltr'>antequam</span> <span class='ocrx_word' id='word_1_78' title='bbox 268 1799 341 1883; x_wconf 88' lang='lat' dir='ltr'>sibi,</span> <span class='ocrx_word' id='word_1_79' title='bbox 360 1799 542 1870; x_wconf 82' lang='lat' dir='ltr'>dedissent</span> 
     </span>
    </p>
   </div>
   <div class='ocr_carea' id='block_1_4' title="bbox 67 2003 1019 2296">
    <p class='ocr_par' dir='ltr' id='par_1_4' title="bbox 67 2003 1019 2296">
     <span class='ocr_line' id='line_1_14' title="bbox 393 2003 695 2098; baseline 0.01 -27"><span class='ocrx_word' id='word_1_80' title='bbox 393 2005 527 2098; x_wconf 71' lang='lat' dir='ltr'>Maiore</span> <span class='ocrx_word' id='word_1_81' title='bbox 542 2003 695 2074; x_wconf 85' lang='lat' dir='ltr'>tumultu</span> 
     </span>
     <span class='ocr_line' id='line_1_15' title="bbox 67 2099 1019 2198; baseline 0.002 -26"><span class='ocrx_word' id='word_1_82' title='bbox 67 2102 284 2198; x_wconf 80' lang='lat' dir='ltr'>Planguntut</span> <span class='ocrx_word' id='word_1_83' title='bbox 296 2100 439 2184; x_wconf 87' lang='lat' dir='ltr'>nummi,</span> <span class='ocrx_word' id='word_1_84' title='bbox 456 2099 561 2196; x_wconf 71' lang='lat' dir='ltr'>quim</span> <span class='ocrx_word' id='word_1_85' title='bbox 573 2101 704 2173; x_wconf 84' lang='lat' dir='ltr'>lunera.</span> <span class='ocrx_word' id='word_1_86' title='bbox 729 2104 846 2173; x_wconf 90' lang='lat' dir='ltr'>Nemo</span> <span class='ocrx_word' id='word_1_87' title='bbox 859 2101 1019 2174; x_wconf 77' lang='lat' dir='ltr'>dolorem</span> 
     </span>
     <span class='ocr_line' id='line_1_16' title="bbox 70 2201 428 2296; baseline -0.006 -26"><span class='ocrx_word' id='word_1_88' title='bbox 70 2202 183 2296; x_wconf 85' lang='lat' dir='ltr'>Fingit</span> <span class='ocrx_word' id='word_1_89' title='bbox 199 2201 235 2270; x_wconf 91' lang='lat' dir='ltr'>in</span> <span class='ocrx_word' id='word_1_90' title='bbox 253 2202 319 2271; x_wconf 85' lang='lat' dir='ltr'>hoc</span> <span class='ocrx_word' id='word_1_91' title='bbox 338 2224 428 2270; x_wconf 89' lang='lat' dir='ltr'>casu.</span> 
     </span>
    </p>
   </div>
   <div class='ocr_carea' id='block_1_5' title="bbox 71 2395 1022 2591">
    <p class='ocr_par' dir='ltr' id='par_1_5' title="bbox 71 2395 1022 2591">
     <span class='ocr_line' id='line_1_17' title="bbox 122 2395 1022 2492; baseline 0.003 -25"><span class='ocrx_word' id='word_1_92' title='bbox 122 2395 389 2468; x_wconf 80' lang='lat' dir='ltr'>Consuetudinis</span> <span class='ocrx_word' id='word_1_93' title='bbox 407 2396 592 2490; x_wconf 75' lang='lat' dir='ltr'>magnatis</span> <span class='ocrx_word' id='word_1_94' title='bbox 609 2413 680 2482; x_wconf 69' lang='grc' dir='ltr'>θεῖς</span> <span class='ocrx_word' id='word_1_95' title='bbox 702 2417 901 2492; x_wconf 87' lang='lat' dir='ltr'>pernoctant</span> <span class='ocrx_word' id='word_1_96' title='bbox 918 2409 1022 2470; x_wconf 38' lang='lat' dir='ltr'>vena-&#39;1</span> 
     </span>
     <span class='ocr_line' id='line_1_18' title="bbox 71 2494 894 2591; baseline 0.005 -27"><span class='ocrx_word' id='word_1_97' title='bbox 71 2509 162 2564; x_wconf 87' lang='lat' dir='ltr'>tores</span> <span class='ocrx_word' id='word_1_98' title='bbox 179 2494 214 2561; x_wconf 90' lang='lat' dir='ltr'>iu</span> <span class='ocrx_word' id='word_1_99' title='bbox 230 2495 321 2579; x_wconf 79' lang='lat' dir='ltr'>nive,</span> <span class='ocrx_word' id='word_1_100' title='bbox 338 2495 373 2562; x_wconf 91' lang='lat' dir='ltr'>in</span> <span class='ocrx_word' id='word_1_101' title='bbox 392 2497 565 2565; x_wconf 86' lang='lat' dir='ltr'>montibus</span> <span class='ocrx_word' id='word_1_102' title='bbox 581 2496 633 2565; x_wconf 87' lang='lat' dir='ltr'>uti</span> <span class='ocrx_word' id='word_1_103' title='bbox 657 2521 693 2566; x_wconf 86' lang='lat' dir='ltr'>se</span> <span class='ocrx_word' id='word_1_104' title='bbox 709 2497 894 2591; x_wconf 81' lang='lat' dir='ltr'>patiuntur.</span> 
     </span>
    </p>
   </div>
   <div class='ocr_carea' id='block_1_6' title="bbox 70 2658 895 2858">
    <p class='ocr_par' dir='ltr' id='par_1_6' title="bbox 70 2658 895 2858">
     <span class='ocr_line' id='line_1_19' title="bbox 70 2658 895 2758; baseline 0.007 -21"><span class='ocrx_word' id='word_1_105' title='bbox 70 2664 152 2738; x_wconf 79' lang='lat' dir='ltr'>Pica</span> <span class='ocrx_word' id='word_1_106' title='bbox 168 2661 297 2758; x_wconf 79' lang='lat' dir='ltr'>loquax</span> <span class='ocrx_word' id='word_1_107' title='bbox 310 2661 402 2732; x_wconf 72' lang='lat' dir='ltr'>certi</span> <span class='ocrx_word' id='word_1_108' title='bbox 420 2663 600 2734; x_wconf 82' lang='lat' dir='ltr'>dominum</span> <span class='ocrx_word' id='word_1_109' title='bbox 613 2683 646 2735; x_wconf 82' lang='lat' dir='ltr'>te</span> <span class='ocrx_word' id='word_1_110' title='bbox 662 2658 746 2738; x_wconf 78' lang='lat' dir='ltr'>uoce</span> <span class='ocrx_word' id='word_1_111' title='bbox 760 2669 870 2740; x_wconf 86' lang='lat' dir='ltr'>saluto</span> <span class='ocrx_word' id='word_1_112' title='bbox 886 2696 895 2743; x_wconf 79' lang='lat' dir='ltr'>t</span> 
     </span>
     <span class='ocr_line' id='line_1_20' title="bbox 123 2761 827 2858; baseline -0.003 -22"><span class='ocrx_word' id='word_1_113' title='bbox 123 2766 160 2837; x_wconf 86' lang='lat' dir='ltr'>Si</span> <span class='ocrx_word' id='word_1_114' title='bbox 177 2788 232 2834; x_wconf 91' lang='lat' dir='ltr'>me</span> <span class='ocrx_word' id='word_1_115' title='bbox 249 2761 458 2843; x_wconf 78' lang='lat' dir='ltr'>nouvideas,</span> <span class='ocrx_word' id='word_1_116' title='bbox 478 2785 550 2831; x_wconf 81' lang='lat' dir='ltr'>esse</span> <span class='ocrx_word' id='word_1_117' title='bbox 566 2766 706 2858; x_wconf 83' lang='lat' dir='ltr'>negabis</span> <span class='ocrx_word' id='word_1_118' title='bbox 720 2790 827 2838; x_wconf 84' lang='lat' dir='ltr'>avem.</span> 
     </span>
    </p>
   </div>
   <div class='ocr_carea' id='block_1_7' title="bbox 26 2942 1075 3414">
    <p class='ocr_par' dir='ltr' id='par_1_7' title="bbox 26 2942 1075 3414">
     <span class='ocr_line' id='line_1_21' title="bbox 123 2942 1042 3036; baseline 0.009 -24"><span class='ocrx_word' id='word_1_119' title='bbox 123 2945 209 3036; x_wconf 88' lang='lat' dir='ltr'>lpsae</span> <span class='ocrx_word' id='word_1_120' title='bbox 235 2945 317 3018; x_wconf 83' lang='lat' dir='ltr'>ferae</span> <span class='ocrx_word' id='word_1_121' title='bbox 351 2942 471 3015; x_wconf 84' lang='lat' dir='ltr'>officia</span> <span class='ocrx_word' id='word_1_122' title='bbox 492 2939 663 3011; x_wconf 90' lang='lat' dir='ltr'>sentiunt.</span> <span class='ocrx_word' id='word_1_123' title='bbox 710 2967 773 3015; x_wconf 81' lang='lat' dir='ltr'>uec</span> <span class='ocrx_word' id='word_1_124' title='bbox 804 2943 917 3036; x_wconf 86' lang='lat' dir='ltr'>ullum</span> <span class='ocrx_word' id='word_1_125' title='bbox 948 2964 1042 3036; x_wconf 62' lang='lat' dir='ltr'>tam,</span> 
     </span>
     <span class='ocr_line' id='line_1_22' title="bbox 26 3039 1019 3142; baseline 0.005 -30"><span class='ocrx_word' id='word_1_126' title='bbox 26 3115 29 3123; x_wconf 78' lang='grc'><em>,</em></span> <span class='ocrx_word' id='word_1_127' title='bbox 74 3039 340 3114; x_wconf 82' lang='lat' dir='ltr'>immansuetum</span> <span class='ocrx_word' id='word_1_128' title='bbox 357 3042 480 3114; x_wconf 78' lang='lat' dir='ltr'>animal</span> <span class='ocrx_word' id='word_1_129' title='bbox 498 3058 556 3124; x_wconf 79' lang='lat' dir='ltr'>est,</span> <span class='ocrx_word' id='word_1_130' title='bbox 572 3041 666 3135; x_wconf 88' lang='lat' dir='ltr'>quod</span> <span class='ocrx_word' id='word_1_131' title='bbox 684 3066 754 3112; x_wconf 91' lang='lat' dir='ltr'>nou</span> <span class='ocrx_word' id='word_1_132' title='bbox 772 3068 855 3123; x_wconf 73' lang='lat' dir='ltr'>cutp</span> <span class='ocrx_word' id='word_1_133' title='bbox 874 3040 1019 3142; x_wconf 78' lang='lat' dir='ltr'>mitig&#39;eS,</span> 
     </span>
     <span class='ocr_line' id='line_1_23' title="bbox 77 3138 1021 3254; baseline 0.006 -44"><span class='ocrx_word' id='word_1_134' title='bbox 77 3159 109 3210; x_wconf 88' lang='lat' dir='ltr'>et</span> <span class='ocrx_word' id='word_1_135' title='bbox 126 3138 160 3208; x_wconf 90' lang='lat' dir='ltr'>in</span> <span class='ocrx_word' id='word_1_136' title='bbox 177 3163 243 3207; x_wconf 82' lang='lat' dir='ltr'>auu</span> <span class='ocrx_word' id='word_1_137' title='bbox 234 3166 330 3210; x_wconf 86' lang='lat' dir='ltr'>utem</span> <span class='ocrx_word' id='word_1_138' title='bbox 348 3144 396 3211; x_wconf 84' lang='lat' dir='ltr'>tui</span> <span class='ocrx_word' id='word_1_139' title='bbox 415 3169 472 3213; x_wconf 76' lang='lat' dir='ltr'>tet</span> <span class='ocrx_word' id='word_1_140' title='bbox 474 3161 533 3213; x_wconf 86' lang='lat' dir='ltr'>t.as</span> <span class='ocrx_word' id='word_1_141' title='bbox 571 3143 728 3212; x_wconf 88' lang='lat' dir='ltr'>leonum</span> <span class='ocrx_word' id='word_1_142' title='bbox 741 3167 801 3211; x_wconf 83' lang='lat' dir='ltr'>ora</span> <span class='ocrx_word' id='word_1_143' title='bbox 819 3167 838 3210; x_wconf 83' lang='lat' dir='ltr'>a</span> <span class='ocrx_word' id='word_1_144' title='bbox 850 3144 973 3254; x_wconf 79' lang='lat' dir='ltr'>magist</span> <span class='ocrx_word' id='word_1_145' title='bbox 977 3144 1021 3216; x_wconf 86' lang='lat' dir='ltr'>ris</span> 
     </span>
     <span class='ocr_line' id='line_1_24' title="bbox 76 3235 1075 3360; baseline 0.004 -50"><span class='ocrx_word' id='word_1_146' title='bbox 76 3235 217 3351; x_wconf 65' lang='lat' dir='ltr'>impune</span> <span class='ocrx_word' id='word_1_147' title='bbox 253 3253 466 3312; x_wconf 80' lang='lat' dir='ltr'>tractantur:</span> <span class='ocrx_word' id='word_1_148' title='bbox 504 3239 765 3360; x_wconf 83' lang='lat' dir='ltr'>elephantorum</span> <span class='ocrx_word' id='word_1_149' title='bbox 795 3237 912 3314; x_wconf 77' lang='lat' dir='ltr'>lentas</span> <span class='ocrx_word' id='word_1_150' title='bbox 944 3243 1027 3316; x_wconf 77' lang='lat' dir='ltr'>cibo.</span> <span class='ocrx_word' id='word_1_151' title='bbox 1070 3241 1075 3245; x_wconf 72' lang='grc'><strong><em>’</em></strong></span> 
     </span>
     <span class='ocr_line' id='line_1_25' title="bbox 77 3334 233 3414; baseline -0.013 -5"><span class='ocrx_word' id='word_1_152' title='bbox 77 3334 233 3414; x_wconf 73' lang='lat' dir='ltr'>mitescit.</span> 
     </span>
    </p>
   </div>
   <div class='ocr_carea' id='block_1_8' title="bbox 0 0 1206 3914">
    <p class='ocr_par' dir='ltr' id='par_1_8' title="bbox 0 0 1206 3914">
     <span class='ocr_line' id='line_1_26' title="bbox 0 0 1206 3914; baseline 0 0"><span class='ocrx_word' id='word_1_153' title='bbox 0 0 1206 3914; x_wconf 95' lang='lat' dir='ltr'> </span> 
     </span>
    </p>
   </div>
  </div>
 </body>
</html>
