2404 3914
555 231 610 314 dd

111 447 357 515 eno'vavetum
372 460 518 532 corpora
533 437 745 534 animosque,
758 455 797 510 ut
809 437 896 511 uires
918 440 965 510 ad
989 439 1060 513 vin·

111 536 259 614 cendum
291 537 489 621 ademerint,
526 553 560 607 et
591 537 777 608 Marcellus
819 536 899 608 vere
933 536 1060 611 dixisse

109 632 284 706 videatur:
314 637 470 730 Capuam
487 633 675 706 Hannibali
683 635 820 710 Cannas
829 633 953 710 fuisse

108 805 240 899 Sponte
252 821 366 878 tamen
375 808 518 902 juvenes
534 804 716 878 imitantur·
737 823 866 896 cetera3
894 775 1008 880 solam
1121 856 1126 865 ι
1189 777 1190 806 ¹

111 901 211 975 Inviti
225 930 364 1001 quoque
381 904 553 976 avaritiam
569 929 731 976 exercere
743 906 917 1001 jubentun·
1187 841 1190 1016 l

140 1075 292 1148 'Praeteu
315 1077 452 1172 culpam
486 1047 521 1146 et
548 1093 726 1171 peccatum
748 1076 879 1148 homini
903 1075 1058 1150 accidere

111 1172 195 1246 nibil
204 1175 428 1272 poteanuod
439 1173 480 1246 sit
491 1173 654 1246 horribile
666 1193 726 1246 aut
736 1174 1061 1269 pertimescendtun.

116 1323 300 1430 Supprime
312 1340 383 1434 jam
402 1339 590 1434 lacrymas:
610 1363 681 1410 non
704 1357 754 1410 est
770 1336 970 1412 nevocabilis
980 1337 1062 1424 illis,

163 1436 282 1528 Quem
300 1436 405 1508 semel
420 1434 608 1508 umbriferi
625 1437 735 1508 navita
749 1434 848 1506 lintre
861 1435 947 1508 tulit.

166 1597 264 1671 Nihil
298 1617 349 1670 est
382 1599 556 1672 honestius
585 1598 923 1697 magnificentiusque
951 1597 1066 1693 quam·

114 1697 294 1792 pecuniam
308 1716 541 1785 contemnere,
558 1697 585 1768 si
602 1722 674 1769 non
690 1699 832 1785 habeas3
868 1697 895 1768 si
921 1697 1059 1784 habeas,

113 1795 159 1866 ad
173 1796 435 1876 beneficentiam
446 1795 755 1891 liberalitatemque
768 1793 936 1868 conferre.

117 1955 250 2028 Crescit
260 1981 356 2027 amor
367 1958 511 2042 nummi,
520 1956 691 2052 quantum
700 1955 1060 2052 ipsapecuniacrescit,

113 2053 158 2126 Et
172 2055 288 2128 minias
302 2055 388 2129 hanc
400 2073 506 2151 optat,
523 2056 582 2152 qui
598 2080 670 2128 non
686 2055 799 2126 habet.
938 2060 940 2066 '

161 2219 214 2290 Ut
231 2219 338 2290 multa
355 2222 505 2293 secunde
522 2193 697 2292 moderati
715 2218 869 2306 tulimus,
880 2215 928 2312 oie
940 2206 1061 2292 adver·

115 2341 188 2389 sam
204 2315 379 2394 fortunam
394 2316 630 2390 ·fortiterferre
649 2318 828 2390 debemus.

238 2483 335 2552 Soles
345 2483 502 2553 occidere
514 2499 547 2553 et
564 2481 675 2553 redire
687 2497 849 2576 pomum:

238 2578 447 2650 Nobiscum
463 2581 569 2650 semel
585 2580 709 2652 occidit
724 2580 842 2652 brevis·
852 2580 928 2669 lux,
1041 2613 1044 2623 Α

237 2677 323 2748 Nox
340 2693 388 2746 est
406 2678 574 2770 perpetub
592 2703 662 2752 una
678 2678 889 2750 dormienda.
1050 2736 1053 2742 .

165 2839 424 2937 Contemplatus
436 2841 650 2934 Cato-major
661 2841 714 2910 M.
729 2836 826 2908 Curii
841 2836 970 2924 villam,
980 2862 1062 2934 ‹piae

69 2943 71 2948 ’
117 2961 188 3008 non
207 2939 309 3038 longe
324 2943 436 3012 aberat
450 2937 471 3010 i
487 2933 559 3020 sud,
578 2931 826 3008 admirarisatis
840 2958 912 3008 non
927 2953 1063 3030 poterat

118 3035 174 3105 vel
196 3037 343 3110 hominis
371 3038 475 3134 ipsius
491 3032 742 3127 continentiam,
774 3032 828 3114 vel
862 3052 1060 3129 temporum

119 3130 340 3227 disciplinam.
391 3134 483 3208 Huic
503 3133 621 3208 'Curio
640 3132 683 3203 ad
706 3129 830 3204 focum·
847 3132 1005 3219 sedenti,
1022 3133 1058 3206 in

119 3232 243 3328 agresti
253 3237 407 3319 scamno,
420 3233 586 3331 etligueo
597 3230 710 3308 catillo
720 3229 880 3314 coeuauti,
893 3253 1057 3330 magnum
