2398 3926
603 251 630 337 9

133 444 354 520 Exercitatio
370 447 518 543 optimus
534 465 585 521 est
601 450 769 549 magister.

132 541 267 614 Fames
283 563 332 616 est
348 545 497 640 optimus
514 571 655 644 coquus.
725 607 735 632 ,
859 639 860 644 ¹

133 639 318 736 Magnum
334 643 477 740 vectigal
494 660 544 715 est
560 643 773 738 parsimonia.

135 733 219 828 Res
235 754 285 808 est
300 737 412 810 forma
426 738 546 837 fugax.
598 826 599 830 Ἰ

136 833 482 932 Conscientiagrave
498 836 632 930 pondus
648 853 710 908 est.
767 877 769 882 ·

133 925 366 1015 Primanavis
382 931 447 1004 fuit
463 933 559 1004 alnus
576 951 701 1006 cavata.

134 1027 266 1098 Meus*
283 1046 334 1099 est
349 1029 405 1100 hic
422 1053 512 1126 ager,
529 1029 587 1101 ille
605 1033 765 1102 *Pruna*

137 1120 275 1220 Magna
291 1147 412 1219 parens
433 1143 521 1199 terra
539 1146 600 1198 est.

139 1217 297 1292 Credula
312 1244 366 1293 res
382 1244 477 1296 amor
493 1237 554 1296 est.

487 1416 562 1492 Tae
579 1415 746 1494 Gettitive.

141 1607 275 1682 Crescit
291 1633 388 1684 amor
403 1612 548 1684 nummi.

139 1703 243 1776 Facta
258 1706 388 1776 ducum
404 1709 529 1779 vivent.

139 1799 254 1874 Mater
270 1800 393 1872 artium
409 1820 459 1876 est
478 1804 664 1880 necessitas.

141 1897 281 1968 Catonis
297 1895 362 1970 fuit
378 1899 492 1972 nobile
507 1902 650 1974 lethum.

139 1993 159 2065 J
162 2015 228 2064 uno
243 1994 336 2067 Jovis
352 1998 480 2092 conjux
496 2017 577 2071 erat.

141 2089 216 2184 Ego
235 2091 352 2162 mortis
376 2117 448 2163 non
463 2119 523 2166 ero
539 2121 639 2172 causa
654 2118 752 2174 tuae.-

141 2185 311 2281 Tempora
327 2189 435 2262 noctis
452 2213 561 2266 erunt.

142 2281 272 2354 Helena
289 2309 388 2358 causa
403 2285 563 2364 fuit'belli
578 2295 729 2390 Trojani.

146 2379 237 2472 Opes
253 2401 333 2454 sunt
347 2385 554 2460 irritamenta
570 2391 750 2464 malorum.

145 2475 200 2545 Sol
216 2495 266 2549 est
282 2479 345 2552 lux
361 2483 491 2554 mundi.

147 2573 282 2644 Cornua
299 2575 390 2669 lunae
403 2579 615 2654 decrescuntr

146 2667 264 2742 Infelix
280 2673 458 2747 Phaethon
474 2677 517 2748 de
533 2674 611 2754 solis
628 2707 730 2756 curru
744 2681 876 2760 decidit.

146 2766 278 2839 Invidiae
294 2771 407 2864 pallor'
418 2772 454 2842 in
470 2800 531 2847 ore
545 2778 649 2852 sedet.

16 2894 19 2906 ·
89 2896 96 2908 κ
145 2863 320 2958 Neptunus
336 2887 386 2940 est
401 2892 530 2954 numen
545 2900 720 2970 aquarum.
833 2949 835 2955 ,
903 2959 904 2962 ,

146 2959 306 3050 Immensa
322 2983 372 3035 est
388 2971 535 3059 potentia
551 2973 640 3046 coeli.

146 3056 311 3152 Tempora
323 3063 409 3135 veris
425 3083 534 3138 erunt.

23 3199 24 3202 ,
147 3151 391 3253 Mulcet'aquas
408 3180 521 3234 rector
535 3165 656 3262 pelagi.
746 3187 750 3196 ·

147 3247 215 3345 Ego
231 3252 394 3351 lacrymas
410 3260 524 3330 matris
536 3261 671 3336 videbo.

150 3346 252 3444 Scipio
269 3349 357 3441 fudit
373 3357 552 3434 Annibalis
566 3359 690 3457 copias.
