2404 3914
547 224 603 310 66

161 429 378 504 Tonsores
367 455 404 504 ιιι
434 431 567 504 Italiam
596 457 642 504 ex
670 429 785 506 Sicilia
813 455 938 508 venere
978 453 1057 532 post

113 529 263 602 Romam
282 530 454 602 conditam
479 555 569 604 anno
593 531 930 652 quadringentesimo
957 533 1057 629 quin·

110 629 309 724 quagesima
330 646 462 725 quarto.
514 627 638 702 Anti
628 629 752 700 mtonsi
769 629 868 702 fuere
892 630 1053 704 Romani.

108 787 145 860 Si
163 789 298 877 metuis,
315 790 342 860 si
359 814 463 885 prava
470 814 579 886 cupis,
592 817 620 862 ιι
611 791 824 866 duceris
776 817 841 880 rra,

109 886 242 957 Servitii
259 889 385 982 patiere
399 891 559 985 jugum,
553 889 738 962 tolerabis
729 890 860 986 miquas
976 908 980 919 '

109 985 257 1056 Interius
259 987 376 1094 leges
427 989 527 1056 Tunc
545 986 660 1058 omnia
671 990 749 1084 jure
761 987 912 1082 tenebiS,
1010 989 1011 992 '

109 1083 208 1154 Cum
223 1069 349 1178 poteris
359 1108 422 1154 rex
439 1108 511 1154 esse
526 1084 586 1156 tui.

157 1254 305 1343 Xerxes,
339 1255 486 1328 refertus
508 1257 668 1330 omnibus
698 1258 847 1352 praemiis
880 1258 1048 1372 dooisque

105 1351 265 1436 fortuna,
280 1377 351 1423 non
364 1356 528 1449 equitatu,
541 1379 612 1425 non
628 1356 840 1467 pedestribus
851 1357 965 1451 copiis,
978 1381 1049 1428 non

15 1528 20 1537 ¹
103 1450 243 1522 navium
273 1452 502 1566 multitudine,
529 1476 600 1522 non
622 1451 753 1523 infinito
766 1455 933 1568 pondere
961 1452 1047 1538 auri,

104 1565 296 1635 contentus,
314 1550 495 1644 pramium
508 1551 538 1622 ei
572 1550 760 1671 proposuit,
792 1551 851 1646 qui
867 1551 1048 1624 invenisset

104 1669 230 1718 novam
254 1647 475 1743 voluptatem.
528 1647 633 1743 Qui
624 1647 771 1734 inventi,
789 1649 861 1744 ipse
882 1673 954 1720 non
983 1648 1049 1720 fuit

102 1762 306 1913 1ιίἱιὶιιᾶειιιιιις
324 1770 436 1842 neque
460 1747 551 1818 enim
577 1771 731 1846 unquam
764 1748 869 1818 finem
901 1745 1048 1819 inveniet

150 1865 207 1911 10
283 1871 288 1878 ·

102 2015 162 2084 An
180 2013 289 2110 gravis
305 2011 478 2108 inceptum
495 2013 628 2112 peragit
645 2013 785 2086 fortuna
800 2017 976 2088 tenorem?

150 2110 196 2184 Et
209 2128 322 2184 manet
334 2111 370 2182 in
382 2135 484 2184 cursu
501 2136 635 2208 semper
652 2114 772 2184 acerba
788 2111 872 2189 suo?

150 2294 297 2365 Urbem
335 2295 516 2389 Megaram
557 2310 693 2387 ceperat
732 2292 944 2379 Demetrius,
988 2291 1045 2364 cui

101 2415 295 2486 cognomen
338 2391 543 2464 Poliorcetes
569 2390 644 2478 [uit.
695 2392 755 2461 Ab
801 2389 868 2462 hoc
911 2389 1045 2485 Stilpon

92 2487 353 2603 ¹philosophus
343 2494 581 2603 interrogatus,
605 2513 690 2561 num
719 2488 801 2584 quid
827 2487 1044 2582 perdidisset

1 2619 2 2624 ¹
96 2583 234 2671 Nihil,
224 2587 356 2682 mquit;
378 2588 493 2658 omnia
509 2613 658 2683 namque
682 2611 758 2658 mea
784 2609 924 2656 mecum
950 2602 1040 2657 sunt.

98 2683 208 2782 Atqui
231 2703 264 2756 et
280 2685 523 2778 patrimonium
538 2710 640 2756 suum
652 2685 858 2781 perdiderat,
875 2698 908 2754 et
937 2682 1043 2756 hostis

74 2786 186 2855 'filios
220 2799 387 2878 rapuerat,
433 2799 468 2854 et
492 2782 634 2894 patriam
664 2797 938 2889 expugnaverat.
979 2778 1042 2850 Ille

96 2898 213 2952 tamen
230 2881 312 2954 nihil
341 2903 378 2954 se
403 2876 516 2950 darmri
533 2900 669 2971 passum
684 2875 788 2946 fuisse
814 2865 952 2950 testatu's
978 2894 1040 2948 est.

98 2978 255 3048 Habebat
268 2980 358 3048 enim
371 3001 487 3049 secum
497 2999 577 3046 vera
586 2977 688 3059 bona,
701 2971 891 3044 doctrinam
900 2970 1037 3058 scilicet,

98 3092 132 3146 et
145 3093 316 3159 virtutem,
328 3099 364 3144 111
393 3100 471 3170 quae
500 3073 605 3143 hostis
638 3095 779 3144 manum
805 3070 941 3169 injicere
967 3095 1039 3143 non

96 3189 236 3270 poterat.
265 3171 433 3242 Omnium
451 3170 576 3244 scilicet
605 3173 789 3255 bonorum,
817 3193 895 3266 quat
913 3167 1038 3242 extrin

96 3295 194 3348 secus
210 3267 430 3355 adveniunt,
421 3287 549 3344 mcerta
564 3266 731 3408 possessio
748 3283 808 3339 est.
