2398 3926
145 575 344 650 Trahimur
358 597 479 650 omnes
495 576 603 650 laudis
620 573 745 650 studio·-
866 587 874 608 “

121 675 241 746 Rex
258 675 333 760 eris,
351 697 379 746 st
369 669 492 748 'recte
504 674 618 747 facies.
722 709 724 717 ¹

149 774 257 844 Mors
274 789 324 844 est
340 773 500 844 servitute
516 771 684 868 potion'
726 811 728 820 ·
967 843 970 848 Α

149 871 290 941 Datum
302 887 352 942 est
368 871 533 964 Neptuno
550 867 759 940 maritimum
774 889 931 982 regnum
994 895 1001 914 ’
1061 917 1066 930 ,

152 957 305 1060 Ir'nperat
321 983 384 1054 apt
396 967 506 1039 servit
515 965 667 1038 collecta
673 965 817 1060 pecunia
828 965 961 1066 cuique.

117 1061 309 1134 Nullum
321 1083 452 1133 numen
464 1051 609 1147 abest,
584 1087 612 1133 st
628 1063 670 1133 sit
686 1061 920 1155 prudentia.-

154 1161 287 1231 Forma
303 1158 421 1254 exigui
437 1160 599 1254 temporis
615 1160 747 1230 donum
764 1175 824 1230 est.

156 1259 272 1328 Coena
280 1255 539 1350 brevrsJuvat‚et
550 1279 658 1352 prope
671 1277 785 1328 nrum
794 1235 1108 1332 somnusmherba.

95 1353 389 1426 Frontinulla
405 1355 500 1426 fades.
689 1395 691 1398 -
771 1401 805 1416 s„

159 1453 234 1524 Dat
245 1450 378 1523 veniam
391 1450 514 1538 corvis,
531 1466 632 1524 vexat
645 1473 788 1522 censura
803 1449 1049 1522 columbas.

161 1548 227 1618 Vir
241 1550 353 1619 bonus
370 1565 404 1620 et
419 1548 570 1642 prudens
587 1547 653 1620 dici
669 1546 821 1618 delector
833 1571 910 1642 ego.

165 1647 266 1718 Grex
282 1658 374 1717 totus
390 1644 426 1714 in
441 1644 531 1756 agris
547 1645 648 1716 unius
664 1643 774 1716 scabie
791 1645 890 1717 cadit.

164 1745 281 1822 Nemo
299 1739 409 1816 malus
424 1739 520 1812 fehx.

166 1841 246 1910 Tua
261 1861 315 1908 res
331 1837 454 1933 agitur,
472 1836 580 1930 paries
596 1859 680 1906 cum
698 1835 876 1929 proximus
893 1836 999 1913 ardet.

168 1935 349 2017 Ridentur,
369 1933 458 2004 mala
475 1932 533 2045 qui
550 1949 761 2026 componunt
778 1932 937 2013 carmina.

135 2115 139 2120 ,
168 2035 256 2106 Sunt
271 2029 360 2114 facta
371 2030 482 2102 verbis
498 2029 697 2104 difficiliora.

168 2128 277 2204 Noli
266 2127 388 2200 amirari
405 2128 523 2200 maios.

168 2225 327 2301 Mortalia
344 2242 466 2298 cuncta
482 2225 651 2318 peribunt.

42 2330 50 2340 '
168 2327 250 2398 Non
267 2323 344 2394 satis
361 2337 410 2394 est
423 2323 565 2416 pulchra
577 2347 649 2394 esse
661 2341 833 2418 poemata,
861 2323 1179 2402 dulciamina·

170 2425 245 2494 Tua
262 2445 317 2492 me
326 2417 518 2493 infortunia
532 2419 668 2490 laedent.
754 2429 757 2436 '

171 2523 242 2594 Aut
258 2518 418 2628 prodesse
429 2515 560 2599 volunt,
580 2533 638 2586 aut
650 2516 829 2602 delectare,
848 2537 969 2614 poetas.

173 2618 245 2688 Cur
262 2639 327 2710 ego
344 2611 492 2683 amicum
506 2613 700 2684 offendam
691 2636 726 2684 ιιι
740 2615 868 2712 nugis?

172 2711 339 2785 Promissa
356 2726 415 2781 tua
429 2708 595 2780 memoria
607 2727 732 2782 teneas.

174 2811 250 2883 Sine
268 2809 396 2881 Cerere
412 2824 445 2878 et
462 2807 607 2880 Baccho
615 2804 717 2904 friget
735 2809 862 2882 Venus.

174 2906 289 2982 Suavis
302 2896 462 2978 laborum
479 2922 529 2978 est
545 2905 799 3001 praeteritorum
812 2909 987 2982 memoria.

174 3003 265 3078 India
279 3003 380 3075 mittit
397 3004 494 3074 ebur.

166 3097 317 3174 ¹Scientia
329 3099 424 3170 nulla
440 3125 493 3176 res
510 3118 560 3174 est
577 3100 799 3194 praestantior.

177 3198 297 3269 Literae
312 3193 413 3268 facile
431 3197 617 3272 discuntur.

174 3292 405 3390 Diligentiam
418 3294 578 3366 or'nnibus
593 3295 695 3378 rebus
711 3293 902 3388 plurimum
918 3301 1015 3374 valet.

178 3391 361 3486 Agricola
352 3415 494 3468 incurvo
508 3408 634 3462 terram
650 3389 792 3468 dimovit
807 3414 929 3470 aratro.

105 3496 107 3506 '
179 3487 269 3562 Nihil
285 3505 336 3562 est
347 3509 431 3598 yera
410 3486 552 3588 gloria
569 3487 713 3564 dulcius.
