2404 3914
560 166 736 281 aa·

111 370 263 445 Emriua:
291 366 400 462 Quid,
423 343 548 464 inquit,'
571 393 637 466 ego
658 386 729 442 non
746 389 917 466 cognosco
934 386 1057 442 vocem

112 467 232 541 tuam?
272 463 343 538 Hic
375 460 524 538 Nasica:
551 464 669 550 Homo
702 491 738 538 es
760 468 962 562 impudens:
990 491 1056 564 ego
1086 555 1092 565 ·
1193 513 1194 526 t

110 566 194 636 crim
220 581 255 635 te
281 588 486 659 quaterem,
510 551 642 636 ancillae
670 581 738 637 tuae
756 564 883 636 credidi
910 581 945 636 te
962 563 1060 656 domi

99 685 181 752 *non
197 686 282 748 esse,
307 680 345 732 tu
363 662 446 731 mihi
462 685 533 732 non
542 661 658 754 ‘credis
672 656 760 756 ipsi?
903 682 907 687 ·

45 813 49 824 ¹
109 824 310 898 Conteritur
326 819 467 908 ferrum,
486 822 595 896 silices
610 841 793 896 tenuantur
808 825 851 896 ab
869 848 933 904 usu
945 849 962 914 ς,

108 961 127 980 τ
160 923 216 996 Sic
233 940 267 994 et
284 921 446 994 continui
464 945 572 993 messe
588 923 732 994 senescit
748 947 843 1020 ager.
879 939 887 954 ·
905 946 907 950 ’

107 1020 246 1094 Scilicet
263 1038 297 1091 et
313 1019 443 1091 uberes
459 1017 596 1116 fugiunt
609 1021 693 1116 juga
708 1041 813 1094 curva
826 1016 984 1115 juvenci3

159 1120 205 1190 Et
221 1117 370 1188 domitus
386 1115 495 1188 fraeno
512 1141 603 1212 saepe
618 1134 787 1214 repugnat
808 1140 929 1212 equus.
1007 1175 1022 1210 ἵ.

156 1263 209 1336 Ut
225 1255 340 1334 omnia
355 1288 457 1358 aequo
473 1261 587 1332 animo
602 1256 701 1345 feras
729 1261 929 1356 exemplum
939 1260 1053 1357 accipe

106 1362 282 1432 Socratem
298 1384 360 1453 per
388 1358 502 1430 omnia
533 1381 650 1452 aspera
677 1358 853 1452 jactatum,
888 1359 1056 1437 invictum

105 1464 221 1546 tamen
236 1474 271 1528 et
285 1481 352 1550 pau
378 1473 481 1528 ertate
498 1473 531 1526 et
547 1454 729 1528 laboribus.
772 1454 933 1526 Uxorem
950 1453 1054 1527 habe-
1153 1469 1156 1476 ’

103 1555 165 1628 bat
181 1555 334 1626 moribus
346 1481 465 1640 ieram,
482 1550 601 1651 lingui
616 1551 824 1647 petulantem
839 1581 849 1642 3
876 1570 910 1624 et
925 1548 1054 1626 liberos

105 1649 280 1746 indociles,
299 1652 398 1724 matri
415 1650 521 1749 quim
537 1651 624 1746 patri
644 1649 830 1722 similiores.
855 1648 1052 1724 Novissime

105 1750 239 1848 objecta
255 1770 305 1822 est
320 1748 368 1820 illi
381 1769 415 1822 et
431 1749 636 1846 religionum
662 1746 808 1835 violatio,
824 1765 858 1820 et
865 1747 1051 1846 juventutis
1072 1799 1082 1810 -

104 1846 307 1939 corruptela.
333 1847 415 1918 Post
442 1847 516 1918 haec
546 1869 660 1918 carcer
688 1861 722 1915 et
753 1869 936 1918 venenum.
962 1847 1063 1918 Haec'

103 1940 190 2023 adei)
226 1941 372 2012 Socratis
404 1943 558 2010 animum
590 1966 663 2011 non
695 1961 888 2026 moverunt,
934 1960 973 2014 ut
1003 1952 1050 2015 'ne

102 2036 238 2132 ¹tultum
248 2037 588 2136 quidemmoverint.¹
612 2131 615 2138 .

103 2184 271 2282 Conjugis
287 2161 433 2254 *audisset
449 2180 558 2254 fatum
575 2183 659 2256 cum
676 2181 796 2258 Porcia
808 2182 918 2271 Bm‘ti,

150 2281 452 2378 Etsubtractastbi
469 2300 637 2377 quaereret
652 2307 747 2356 arma
762 2281 885 2372 dolor;

99 2380 270 2471 Nondum
281 2376 385 2462 scitis,
403 2379 459 2473 ait,
478 2398 624 2450 mortem
640 2403 711 2452 non
726 2404 828 2478 posse
842 2381 986 2479 negarii

149 2477 370 2550 Credideram
386 2477 464 2548 satis
480 2472 625 2560 hocvos
640 2477 796 2550 docuisse
817 2497 959 2574 patrem.

32 2657 34 2666 Ι
97 2572 211 2660 Dixit,
227 2590 261 2642 et
277 2573 432 2645 ardentes
448 2575 547 2646 avido
557 2575 641 2646 bibit
658 2601 718 2647 ore
734 2573 885 2649 favillas:

145 2673 161 2742 l
177 2693 281 2755 nunc,
300 2687 333 2740 et
349 2665 491 2754 fer'rum,
510 2675 610 2768 turba
626 2674 780 2760 molesta,
796 2698 895 2775 nega.
1013 2731 1016 2736 .

146 2817 318 2910 Quasdam
332 2814 491 2898 civitates,
510 2833 636 2888 secutae
648 2835 819 2902 naturam,
837 2843 918 2912 quae
934 2819 1058 2914 parto

94 2930 254 2988 contenta
269 2932 330 2997 est,
349 2937 454 3008 parvo
470 2912 561 2995 victu
573 2911 747 2986 delectata)
764 2931 853 2998 sunt,
882 2933 921 2988 ut
936 2919 1042 2992 Lace-

94 3009 265 3082 daemonii.
290 3013 409 3084 Persas
424 3027 526 3108 negat
541 3009 737 3106 Xenophon
749 3013 793 3084 ad
804 3022 929 3107 panem
943 3015 1041 3109 quid·

94 3129 198 3202 quam
213 3107 376 3200 adhibere
391 3109 507 3180 solitos
521 3131 605 3194 essa·
624 3127 747 3202 praeter
763 3111 977 3183 nasturtium.
1002 3113 1041 3188 Si

93 3201 362 3300 quaedametiam
372 3207 529 3286 suaviora
540 3223 661 3318 natura
670 3207 862 3282 desiderare
872 3209 1039 3298 rideatur,
