<?xml version="1.0" encoding="UTF-8"?>
<!DOCTYPE html PUBLIC "-//W3C//DTD XHTML 1.0 Transitional//EN"
    "http://www.w3.org/TR/xhtml1/DTD/xhtml1-transitional.dtd">
<html xmlns="http://www.w3.org/1999/xhtml" xml:lang="en" lang="en">
 <head>
  <title>
</title>
<meta http-equiv="Content-Type" content="text/html;charset=utf-8" />
  <meta name='ocr-system' content='tesseract 3.04.00' />
  <meta name='ocr-capabilities' content='ocr_page ocr_carea ocr_par ocr_line ocrx_word'/>
</head>
<body>
  <div class='ocr_page' id='page_1' title='image "./delectussentent01valpgoog_0111.png"; bbox 0 0 2404 3914; ppageno 0'>
   <div class='ocr_carea' id='block_1_1' title="bbox 554 207 687 314">
    <p class='ocr_par' dir='ltr' id='par_1_1' title="bbox 554 207 687 314">
     <span class='ocr_line' id='line_1_1' title="bbox 554 207 687 314; baseline 0.015 -7"><span class='ocrx_word' id='word_1_1' title='bbox 554 207 636 314; x_wconf 81' lang='lat'>&#39;100</span> <span class='ocrx_word' id='word_1_2' title='bbox 684 241 687 248; x_wconf 66' lang='grc'><strong>’</strong></span> 
     </span>
    </p>
   </div>
   <div class='ocr_carea' id='block_1_2' title="bbox 118 421 1135 1104">
    <p class='ocr_par' dir='ltr' id='par_1_2' title="bbox 118 421 1135 1087">
     <span class='ocr_line' id='line_1_2' title="bbox 170 421 1074 541; baseline 0.001 -40"><span class='ocrx_word' id='word_1_3' title='bbox 170 427 426 541; x_wconf 77' lang='lat' dir='ltr'><strong>Epaminondas</strong></span> <span class='ocrx_word' id='word_1_4' title='bbox 449 446 521 502; x_wconf 83' lang='lat' dir='ltr'><strong>erat</strong></span> <span class='ocrx_word' id='word_1_5' title='bbox 545 429 729 515; x_wconf 87' lang='lat' dir='ltr'><strong>modestus,</strong></span> <span class='ocrx_word' id='word_1_6' title='bbox 756 428 917 524; x_wconf 82' lang='lat' dir='ltr'><strong>prudens,</strong></span> <span class='ocrx_word' id='word_1_7' title='bbox 944 421 1074 526; x_wconf 80' lang='lat' dir='ltr'><strong>peritus</strong></span> 
     </span>
     <span class='ocr_line' id='line_1_3' title="bbox 122 526 1071 641; baseline 0.005 -46"><span class='ocrx_word' id='word_1_8' title='bbox 122 526 215 610; x_wconf 74' lang='lat' dir='ltr'><strong>belli,</strong></span> <span class='ocrx_word' id='word_1_9' title='bbox 238 526 353 598; x_wconf 89' lang='lat' dir='ltr'><strong>animo</strong></span> <span class='ocrx_word' id='word_1_10' title='bbox 375 528 549 614; x_wconf 80' lang='lat' dir='ltr'><strong>maxim03</strong></span> <span class='ocrx_word' id='word_1_11' title='bbox 574 527 663 600; x_wconf 69' lang='lat' dir='ltr'><strong>adeo</strong></span> <span class='ocrx_word' id='word_1_12' title='bbox 685 527 831 600; x_wconf 87' lang='lat' dir='ltr'><strong>veritatis</strong></span> <span class='ocrx_word' id='word_1_13' title='bbox 852 527 1006 641; x_wconf 88' lang='lat' dir='ltr'><strong>diligens,</strong></span> <span class='ocrx_word' id='word_1_14' title='bbox 1031 540 1071 600; x_wconf 85' lang='lat' dir='ltr'><strong>ut</strong></span> 
     </span>
     <span class='ocr_line' id='line_1_4' title="bbox 121 625 1067 738; baseline -0.001 -42"><span class='ocrx_word' id='word_1_15' title='bbox 121 645 167 696; x_wconf 83' lang='lat' dir='ltr'><strong>ne</strong></span> <span class='ocrx_word' id='word_1_16' title='bbox 191 626 274 721; x_wconf 82' lang='lat' dir='ltr'><strong>joco</strong></span> <span class='ocrx_word' id='word_1_17' title='bbox 313 625 453 738; x_wconf 84' lang='lat' dir='ltr'><strong>quidem</strong></span> <span class='ocrx_word' id='word_1_18' title='bbox 488 627 698 696; x_wconf 84' lang='lat' dir='ltr'>mentiretur.</span> <span class='ocrx_word' id='word_1_19' title='bbox 749 625 865 696; x_wconf 87' lang='lat' dir='ltr'>Idem</span> <span class='ocrx_word' id='word_1_20' title='bbox 862 625 1067 710; x_wconf 84' lang='lat' dir='ltr'><strong>continens,</strong></span> 
     </span>
     <span class='ocr_line' id='line_1_5' title="bbox 121 720 1135 820; baseline 0 -28"><span class='ocrx_word' id='word_1_21' title='bbox 121 720 282 804; x_wconf 77' lang='lat' dir='ltr'><strong>clemens,</strong></span> <span class='ocrx_word' id='word_1_22' title='bbox 317 722 515 820; x_wconf 81' lang='lat' dir='ltr'><strong>patiensque</strong></span> <span class='ocrx_word' id='word_1_23' title='bbox 551 722 832 794; x_wconf 89' lang='lat' dir='ltr'><strong>admirandum</strong></span> <span class='ocrx_word' id='word_1_24' title='bbox 822 747 858 792; x_wconf 92' lang='lat' dir='ltr'><strong>m</strong></span> <span class='ocrx_word' id='word_1_25' title='bbox 896 723 1067 812; x_wconf 78' lang='lat' dir='ltr'><strong>modum3</strong></span> <span class='ocrx_word' id='word_1_26' title='bbox 1133 775 1135 778; x_wconf 86' lang='lat'>-</span> 
     </span>
     <span class='ocr_line' id='line_1_6' title="bbox 120 820 1070 915; baseline 0.004 -28"><span class='ocrx_word' id='word_1_27' title='bbox 120 829 356 914; x_wconf 84' lang='lat' dir='ltr'><strong>rmprmusque</strong></span> <span class='ocrx_word' id='word_1_28' title='bbox 366 843 545 890; x_wconf 76' lang='lat' dir='ltr'><strong>commissa</strong></span> <span class='ocrx_word' id='word_1_29' title='bbox 555 821 688 897; x_wconf 87' lang='lat' dir='ltr'><strong>celans</strong></span> <span class='ocrx_word' id='word_1_30' title='bbox 708 821 803 915; x_wconf 93' lang='lat' dir='ltr'><strong>quod</strong></span> <span class='ocrx_word' id='word_1_31' title='bbox 815 820 986 891; x_wconf 78' lang='lat' dir='ltr'><strong>interdum</strong></span> <span class='ocrx_word' id='word_1_32' title='bbox 996 842 1070 891; x_wconf 90' lang='lat' dir='ltr'><strong>non</strong></span> 
     </span>
     <span class='ocr_line' id='line_1_7' title="bbox 121 915 1069 1012; baseline 0.004 -26"><span class='ocrx_word' id='word_1_33' title='bbox 121 915 240 988; x_wconf 78' lang='lat' dir='ltr'><strong>minus</strong></span> <span class='ocrx_word' id='word_1_34' title='bbox 262 917 410 1011; x_wconf 86' lang='lat' dir='ltr'><strong>prodest,</strong></span> <span class='ocrx_word' id='word_1_35' title='bbox 439 941 545 1012; x_wconf 88' lang='lat' dir='ltr'><strong>quam</strong></span> <span class='ocrx_word' id='word_1_36' title='bbox 567 915 691 988; x_wconf 77' lang='lat' dir='ltr'><strong>diserte</strong></span> <span class='ocrx_word' id='word_1_37' title='bbox 714 917 857 990; x_wconf 75' lang='lat' dir='ltr'><strong>dicere·</strong></span> <span class='ocrx_word' id='word_1_38' title='bbox 887 918 1069 990; x_wconf 83' lang='lat' dir='ltr'><strong>Studiosus</strong></span> 
     </span>
     <span class='ocr_line' id='line_1_8' title="bbox 118 1013 1056 1104; baseline 0.002 -20"><span class='ocrx_word' id='word_1_39' title='bbox 118 1013 301 1104; x_wconf 78' lang='lat' dir='ltr'><strong>audiendi3</strong></span> <span class='ocrx_word' id='word_1_40' title='bbox 291 1039 365 1084; x_wconf 84' lang='lat' dir='ltr'><strong>ex</strong></span> <span class='ocrx_word' id='word_1_41' title='bbox 375 1015 441 1086; x_wconf 90' lang='lat' dir='ltr'><strong>hoc</strong></span> <span class='ocrx_word' id='word_1_42' title='bbox 456 1016 546 1086; x_wconf 87' lang='lat' dir='ltr'><strong>enim</strong></span> <span class='ocrx_word' id='word_1_43' title='bbox 558 1013 718 1087; x_wconf 75' lang='lat' dir='ltr'><strong>facillime</strong></span> <span class='ocrx_word' id='word_1_44' title='bbox 729 1015 811 1086; x_wconf 78' lang='lat' dir='ltr'><strong>discr</strong></span> <span class='ocrx_word' id='word_1_45' title='bbox 822 1015 1056 1087; x_wconf 73' lang='lat' dir='ltr'><strong>arbitrabatur</strong></span> 
     </span>
    </p>
   </div>
   <div class='ocr_carea' id='block_1_3' title="bbox 117 1158 1068 1785">
    <p class='ocr_par' dir='ltr' id='par_1_3' title="bbox 117 1158 1068 1354">
     <span class='ocr_line' id='line_1_9' title="bbox 117 1158 1068 1258; baseline 0.002 -25"><span class='ocrx_word' id='word_1_46' title='bbox 117 1163 293 1258; x_wconf 80' lang='lat' dir='ltr'>Languor,</span> <span class='ocrx_word' id='word_1_47' title='bbox 312 1177 346 1232; x_wconf 80' lang='lat' dir='ltr'><strong>et</strong></span> <span class='ocrx_word' id='word_1_48' title='bbox 361 1158 535 1234; x_wconf 81' lang='lat' dir='ltr'><strong>immodici</strong></span> <span class='ocrx_word' id='word_1_49' title='bbox 546 1161 612 1233; x_wconf 79' lang='lat' dir='ltr'><strong>sub</strong></span> <span class='ocrx_word' id='word_1_50' title='bbox 628 1160 725 1233; x_wconf 85' lang='lat' dir='ltr'><strong>nullo</strong></span> <span class='ocrx_word' id='word_1_51' title='bbox 741 1159 876 1234; x_wconf 78' lang='lat' dir='ltr'><strong>vindice</strong></span> <span class='ocrx_word' id='word_1_52' title='bbox 891 1160 1068 1248; x_wconf 77' lang='grc' dir='ltr'>οοιιιιιί,</span> 
     </span>
     <span class='ocr_line' id='line_1_10' title="bbox 168 1258 948 1372; baseline 0.004 -43"><span class='ocrx_word' id='word_1_53' title='bbox 168 1261 335 1353; x_wconf 83' lang='lat' dir='ltr'><strong>Aleaque,</strong></span> <span class='ocrx_word' id='word_1_54' title='bbox 354 1275 389 1329; x_wconf 84' lang='lat' dir='ltr'><strong>et</strong></span> <span class='ocrx_word' id='word_1_55' title='bbox 405 1258 516 1330; x_wconf 87' lang='lat' dir='ltr'><strong>multo</strong></span> <span class='ocrx_word' id='word_1_56' title='bbox 521 1276 687 1372; x_wconf 81' lang='lat' dir='ltr'><strong>tempora</strong></span> <span class='ocrx_word' id='word_1_57' title='bbox 703 1279 825 1354; x_wconf 76' lang='lat' dir='ltr'><strong>quassa</strong></span> <span class='ocrx_word' id='word_1_58' title='bbox 841 1279 948 1345; x_wconf 78' lang='lat' dir='ltr'><strong>mero,</strong></span> 
     </span>
    </p>

    <p class='ocr_par' dir='ltr' id='par_1_4' title="bbox 118 1351 1036 1526">
     <span class='ocr_line' id='line_1_11' title="bbox 118 1351 960 1449; baseline 0.004 -23"><span class='ocrx_word' id='word_1_59' title='bbox 118 1353 276 1449; x_wconf 76' lang='lat' dir='ltr'><strong>Eriprmt</strong></span> <span class='ocrx_word' id='word_1_60' title='bbox 292 1375 415 1426; x_wconf 80' lang='lat' dir='ltr'><strong>omnes</strong></span> <span class='ocrx_word' id='word_1_61' title='bbox 428 1351 548 1428; x_wconf 73' lang='lat' dir='ltr'><strong>artioris</strong></span> <span class='ocrx_word' id='word_1_62' title='bbox 563 1353 636 1428; x_wconf 80' lang='lat' dir='ltr'><strong>s&#39;ne</strong></span> <span class='ocrx_word' id='word_1_63' title='bbox 651 1353 794 1428; x_wconf 83' lang='lat' dir='ltr'><strong>vulnere</strong></span> <span class='ocrx_word' id='word_1_64' title='bbox 809 1376 960 1430; x_wconf 71' lang='lat' dir='ltr'><strong>nervon:</strong></span> 
     </span>
     <span class='ocr_line' id='line_1_12' title="bbox 136 1447 1036 1526; baseline 0.001 -4.032"><span class='ocrx_word' id='word_1_65' title='bbox 136 1448 327 1523; x_wconf 74' lang='lat' dir='ltr'><strong>Adfluit</strong></span> <span class='ocrx_word' id='word_1_66' title='bbox 313 1450 653 1526; x_wconf 78' lang='lat' dir='ltr'><strong>mcaudsinsidiosus</strong></span> <span class='ocrx_word' id='word_1_67' title='bbox 667 1473 775 1525; x_wconf 69' lang='lat' dir='ltr'><strong>umor.</strong></span> <span class='ocrx_word' id='word_1_68' title='bbox 1031 1447 1036 1456; x_wconf 78' lang='grc'><strong>’</strong></span> 
     </span>
    </p>

    <p class='ocr_par' dir='ltr' id='par_1_5' title="bbox 120 1545 1007 1748">
     <span class='ocr_line' id='line_1_13' title="bbox 120 1545 966 1650; baseline 0 -28"><span class='ocrx_word' id='word_1_69' title='bbox 120 1548 283 1644; x_wconf 80' lang='lat' dir='ltr'><strong>Quaeritis</strong></span> <span class='ocrx_word' id='word_1_70' title='bbox 299 1549 491 1650; x_wconf 71' lang='lat' dir='ltr'><strong>AEgysthus</strong></span> <span class='ocrx_word' id='word_1_71' title='bbox 507 1573 613 1646; x_wconf 78' lang='lat' dir='ltr'><strong>quare</strong></span> <span class='ocrx_word' id='word_1_72' title='bbox 628 1549 670 1621; x_wconf 87' lang='lat' dir='ltr'><strong>sit</strong></span> <span class='ocrx_word' id='word_1_73' title='bbox 685 1545 796 1624; x_wconf 73' lang='lat' dir='ltr'><strong>frctus</strong></span> <span class='ocrx_word' id='word_1_74' title='bbox 811 1547 966 1636; x_wconf 58' lang='lat' dir='ltr'><strong>adulteri</strong></span> 
     </span>
     <span class='ocr_line' id='line_1_14' title="bbox 168 1645 1007 1785; baseline 0.002 -66"><span class='ocrx_word' id='word_1_75' title='bbox 168 1649 221 1721; x_wconf 89' lang='lat' dir='ltr'><strong>In</strong></span> <span class='ocrx_word' id='word_1_76' title='bbox 223 1664 368 1785; x_wconf 76' lang='lat' dir='ltr'><strong>promto</strong></span> <span class='ocrx_word' id='word_1_77' title='bbox 381 1669 482 1720; x_wconf 83' lang='lat' dir='ltr'><strong>causa</strong></span> <span class='ocrx_word' id='word_1_78' title='bbox 498 1665 574 1738; x_wconf 79' lang='lat' dir='ltr'><strong>est3</strong></span> <span class='ocrx_word' id='word_1_79' title='bbox 601 1645 789 1721; x_wconf 77' lang='lat' dir='ltr'><strong>desidiosus</strong></span> <span class='ocrx_word' id='word_1_80' title='bbox 805 1665 887 1720; x_wconf 72' lang='lat' dir='ltr'><strong>erat</strong></span> <span class='ocrx_word' id='word_1_81' title='bbox 1003 1739 1007 1748; x_wconf 16' lang='grc' dir='ltr'><strong>Δ</strong></span> 
     </span>
    </p>
   </div>
   <div class='ocr_carea' id='block_1_4' title="bbox 70 1742 1064 2402">
    <p class='ocr_par' dir='ltr' id='par_1_6' title="bbox 70 1742 1064 2402">
     <span class='ocr_line' id='line_1_15' title="bbox 168 1742 1064 1912; baseline 0.008 -25"><span class='ocrx_word' id='word_1_82' title='bbox 168 1769 267 1888; x_wconf 72' lang='lat' dir='ltr'><strong>Cdm</strong></span> <span class='ocrx_word' id='word_1_83' title='bbox 281 1787 359 1902; x_wconf 66' lang='lat' dir='ltr'><strong>ddo</strong></span> <span class='ocrx_word' id='word_1_84' title='bbox 373 1767 517 1912; x_wconf 76' lang='lat' dir='ltr'><strong>quidam</strong></span> <span class='ocrx_word' id='word_1_85' title='bbox 532 1820 688 1892; x_wconf 81' lang='lat' dir='ltr'>Arcades</span> <span class='ocrx_word' id='word_1_86' title='bbox 710 1817 920 1893; x_wconf 79' lang='lat' dir='ltr'><strong>familiares</strong></span> <span class='ocrx_word' id='word_1_87' title='bbox 909 1837 972 1895; x_wconf 80' lang='lat' dir='ltr'><strong>tter</strong></span> <span class='ocrx_word' id='word_1_88' title='bbox 992 1742 1064 1894; x_wconf 68' lang='lat' dir='ltr'><strong>und</strong></span> 
     </span>
     <span class='ocr_line' id='line_1_16' title="bbox 115 1911 1063 2012; baseline 0.007 -27"><span class='ocrx_word' id='word_1_89' title='bbox 115 1911 277 2000; x_wconf 69' lang='lat' dir='ltr'><strong>facerent,</strong></span> <span class='ocrx_word' id='word_1_90' title='bbox 289 1933 323 1990; x_wconf 84' lang='lat' dir='ltr'><strong>et</strong></span> <span class='ocrx_word' id='word_1_91' title='bbox 337 1917 517 2010; x_wconf 82' lang='lat' dir='ltr'>Megaram</span> <span class='ocrx_word' id='word_1_92' title='bbox 528 1917 706 2000; x_wconf 80' lang='lat' dir='ltr'><strong>venissent,</strong></span> <span class='ocrx_word' id='word_1_93' title='bbox 721 1919 805 1988; x_wconf 82' lang='lat' dir='ltr'><strong>alter</strong></span> <span class='ocrx_word' id='word_1_94' title='bbox 816 1918 859 1989; x_wconf 90' lang='lat' dir='ltr'><strong>ad</strong></span> <span class='ocrx_word' id='word_1_95' title='bbox 871 1937 1063 2012; x_wconf 75' lang='lat' dir='ltr'><strong>cauponem</strong></span> 
     </span>
     <span class='ocr_line' id='line_1_17' title="bbox 88 2009 1064 2109; baseline -0.001 -22"><span class='ocrx_word' id='word_1_96' title='bbox 88 2081 91 2086; x_wconf 78' lang='grc'>,</span> <span class='ocrx_word' id='word_1_97' title='bbox 115 2009 271 2100; x_wconf 83' lang='lat' dir='ltr'><strong>divertit,</strong></span> <span class='ocrx_word' id='word_1_98' title='bbox 298 2011 343 2100; x_wconf 77' lang='lat' dir='ltr'><strong>ad</strong></span> <span class='ocrx_word' id='word_1_99' title='bbox 365 2009 532 2106; x_wconf 82' lang='lat' dir='ltr'><strong>hospitem</strong></span> <span class='ocrx_word' id='word_1_100' title='bbox 548 2011 643 2084; x_wconf 86' lang='lat' dir='ltr'><strong>alter</strong></span> <span class='ocrx_word' id='word_1_101' title='bbox 696 2013 767 2107; x_wconf 83' lang='lat' dir='ltr'><strong>Qui</strong></span> <span class='ocrx_word' id='word_1_102' title='bbox 787 2029 826 2084; x_wconf 91' lang='lat' dir='ltr'><strong>ut</strong></span> <span class='ocrx_word' id='word_1_103' title='bbox 847 2015 1064 2109; x_wconf 62' lang='lat' dir='ltr'><strong>coenatiqui·</strong></span> 
     </span>
     <span class='ocr_line' id='line_1_18' title="bbox 97 2108 1062 2207; baseline 0.001 -25"><span class='ocrx_word' id='word_1_104' title='bbox 97 2109 284 2196; x_wconf 61' lang='lat' dir='ltr'><strong>scebant,</strong></span> <span class='ocrx_word' id='word_1_105' title='bbox 303 2126 415 2181; x_wconf 89' lang='lat' dir='ltr'><strong>nocte</strong></span> <span class='ocrx_word' id='word_1_106' title='bbox 420 2108 510 2191; x_wconf 78' lang='lat' dir='ltr'><strong>visus</strong></span> <span class='ocrx_word' id='word_1_107' title='bbox 529 2126 579 2180; x_wconf 86' lang='lat' dir='ltr'><strong>est</strong></span> <span class='ocrx_word' id='word_1_108' title='bbox 595 2109 632 2180; x_wconf 93' lang='lat' dir='ltr'><strong>in</strong></span> <span class='ocrx_word' id='word_1_109' title='bbox 648 2110 786 2182; x_wconf 88' lang='lat' dir='ltr'><strong>somniis</strong></span> <span class='ocrx_word' id='word_1_110' title='bbox 802 2111 842 2194; x_wconf 88' lang='lat' dir='ltr'><strong>ei,</strong></span> <span class='ocrx_word' id='word_1_111' title='bbox 862 2112 922 2207; x_wconf 91' lang='lat' dir='ltr'><strong>qui</strong></span> <span class='ocrx_word' id='word_1_112' title='bbox 938 2129 1018 2183; x_wconf 87' lang='lat' dir='ltr'><strong>erat</strong></span> <span class='ocrx_word' id='word_1_113' title='bbox 1025 2113 1062 2184; x_wconf 88' lang='lat' dir='ltr'><strong>in</strong></span> 
     </span>
     <span class='ocr_line' id='line_1_19' title="bbox 111 2203 1062 2326; baseline 0.002 -46.002"><span class='ocrx_word' id='word_1_114' title='bbox 111 2203 303 2326; x_wconf 72' lang='lat' dir='ltr'><strong>hospitio,</strong></span> <span class='ocrx_word' id='word_1_115' title='bbox 290 2207 348 2278; x_wconf 88' lang='lat' dir='ltr'><strong>ille</strong></span> <span class='ocrx_word' id='word_1_116' title='bbox 364 2207 447 2279; x_wconf 79' lang='lat' dir='ltr'><strong>alter</strong></span> <span class='ocrx_word' id='word_1_117' title='bbox 463 2231 571 2293; x_wconf 88' lang='lat' dir='ltr'><strong>orare,</strong></span> <span class='ocrx_word' id='word_1_118' title='bbox 590 2225 629 2279; x_wconf 90' lang='lat' dir='ltr'><strong>ut</strong></span> <span class='ocrx_word' id='word_1_119' title='bbox 653 2208 858 2292; x_wconf 84' lang='lat' dir='ltr'><strong>subveniret,</strong></span> <span class='ocrx_word' id='word_1_120' title='bbox 874 2209 974 2304; x_wconf 83' lang='lat' dir='ltr'><strong>quod</strong></span> <span class='ocrx_word' id='word_1_121' title='bbox 996 2209 1062 2282; x_wconf 80' lang='lat' dir='ltr'><strong>sibi</strong></span> 
     </span>
     <span class='ocr_line' id='line_1_20' title="bbox 70 2303 1061 2402; baseline -0.001 -23"><span class='ocrx_word' id='word_1_122' title='bbox 70 2323 77 2349; x_wconf 89' lang='lat'><strong>·</strong></span> <span class='ocrx_word' id='word_1_123' title='bbox 115 2303 309 2400; x_wconf 53' lang='lat' dir='ltr'><strong>&amp;caupone</strong></span> <span class='ocrx_word' id='word_1_124' title='bbox 324 2304 478 2378; x_wconf 84' lang='lat' dir='ltr'><strong>interitus</strong></span> <span class='ocrx_word' id='word_1_125' title='bbox 498 2308 701 2401; x_wconf 81' lang='lat' dir='ltr'><strong>parabatur:</strong></span> <span class='ocrx_word' id='word_1_126' title='bbox 728 2307 841 2402; x_wconf 76' lang='lat' dir='ltr'><strong>primo</strong></span> <span class='ocrx_word' id='word_1_127' title='bbox 864 2308 1061 2402; x_wconf 79' lang='lat' dir='ltr'><strong>perterritus</strong></span> 
     </span>
    </p>
   </div>
   <div class='ocr_carea' id='block_1_5' title="bbox 90 2389 1186 2503">
    <p class='ocr_par' dir='ltr' id='par_1_7' title="bbox 90 2389 1186 2503">
     <span class='ocr_line' id='line_1_21' title="bbox 90 2389 1186 2503; baseline 0.005 -31"><span class='ocrx_word' id='word_1_128' title='bbox 90 2403 247 2474; x_wconf 55' lang='lat' dir='ltr'><strong>xsomnio</strong></span> <span class='ocrx_word' id='word_1_129' title='bbox 263 2403 427 2478; x_wconf 79' lang='lat' dir='ltr'><strong>surrexit·</strong></span> <span class='ocrx_word' id='word_1_130' title='bbox 446 2404 627 2476; x_wconf 84' lang='lat' dir='ltr'><strong>deinde</strong></span> <span class='ocrx_word' id='word_1_131' title='bbox 586 2427 671 2478; x_wconf 84' lang='lat' dir='ltr'><strong>rum</strong></span> <span class='ocrx_word' id='word_1_132' title='bbox 687 2429 723 2476; x_wconf 87' lang='lat' dir='ltr'><strong>se</strong></span> <span class='ocrx_word' id='word_1_133' title='bbox 740 2404 861 2476; x_wconf 89' lang='lat' dir='ltr'><strong>colle&#39;</strong></span> <span class='ocrx_word' id='word_1_134' title='bbox 828 2424 941 2503; x_wconf 66' lang='lat' dir='ltr'><strong>gisset</strong></span> <span class='ocrx_word' id='word_1_135' title='bbox 957 2403 1061 2500; x_wconf 81' lang='lat' dir='ltr'><strong>idqud</strong></span> <span class='ocrx_word' id='word_1_136' title='bbox 1185 2389 1186 2440; x_wconf 31' lang='grc' dir='ltr'><em>Ὗ</em></span> 
     </span>
    </p>
   </div>
   <div class='ocr_carea' id='block_1_6' title="bbox 113 2431 1057 2594">
    <p class='ocr_par' dir='ltr' id='par_1_8' title="bbox 113 2431 1057 2594">
     <span class='ocr_line' id='line_1_22' title="bbox 113 2431 1057 2594; baseline 0.006 -24"><span class='ocrx_word' id='word_1_137' title='bbox 113 2515 300 2594; x_wconf 73' lang='lat' dir='ltr'><strong>msumpro</strong></span> <span class='ocrx_word' id='word_1_138' title='bbox 311 2501 418 2573; x_wconf 86' lang='lat' dir='ltr'><strong>mhrlo</strong></span> <span class='ocrx_word' id='word_1_139' title='bbox 423 2493 627 2575; x_wconf 80' lang='lat' dir='ltr'><strong>habendum</strong></span> <span class='ocrx_word' id='word_1_140' title='bbox 636 2431 876 2590; x_wconf 78' lang='lat' dir='ltr'><strong>esseduxrsset,</strong></span> <span class='ocrx_word' id='word_1_141' title='bbox 884 2504 1057 2577; x_wconf 75' lang='lat' dir='ltr'><strong>recubuit</strong></span> 
     </span>
    </p>
   </div>
   <div class='ocr_carea' id='block_1_7' title="bbox 111 2583 1186 2704">
    <p class='ocr_par' dir='ltr' id='par_1_9' title="bbox 111 2583 1186 2704">
     <span class='ocr_line' id='line_1_23' title="bbox 111 2583 1186 2704; baseline 0.004 -36"><span class='ocrx_word' id='word_1_142' title='bbox 111 2612 189 2670; x_wconf 86' lang='lat' dir='ltr'><strong>tum</strong></span> <span class='ocrx_word' id='word_1_143' title='bbox 210 2599 241 2668; x_wconf 88' lang='lat' dir='ltr'><strong>ei</strong></span> <span class='ocrx_word' id='word_1_144' title='bbox 261 2599 445 2672; x_wconf 83' lang='lat' dir='ltr'><strong>dormienti</strong></span> <span class='ocrx_word' id='word_1_145' title='bbox 466 2600 559 2669; x_wconf 90' lang='lat' dir='ltr'><strong>idem</strong></span> <span class='ocrx_word' id='word_1_146' title='bbox 583 2600 694 2672; x_wconf 86' lang='lat' dir='ltr'><strong>ille</strong></span> <span class='ocrx_word' id='word_1_147' title='bbox 662 2624 754 2672; x_wconf 77' lang='lat' dir='ltr'><strong>visus</strong></span> <span class='ocrx_word' id='word_1_148' title='bbox 774 2619 838 2673; x_wconf 85' lang='lat' dir='ltr'><strong>est</strong></span> <span class='ocrx_word' id='word_1_149' title='bbox 834 2621 978 2704; x_wconf 73' lang='lat' dir='ltr'><strong>rogere,</strong></span> <span class='ocrx_word' id='word_1_150' title='bbox 1008 2615 1066 2686; x_wconf 86' lang='lat' dir='ltr'><strong>ut,.</strong></span> <span class='ocrx_word' id='word_1_151' title='bbox 1185 2583 1186 2610; x_wconf 51' lang='lat'>¹</span> 
     </span>
    </p>
   </div>
   <div class='ocr_carea' id='block_1_8' title="bbox 17 2694 1058 3381">
    <p class='ocr_par' dir='ltr' id='par_1_10' title="bbox 17 2694 1058 3381">
     <span class='ocr_line' id='line_1_24' title="bbox 112 2694 1058 2807; baseline 0.005 -42"><span class='ocrx_word' id='word_1_152' title='bbox 112 2694 287 2789; x_wconf 76' lang='lat' dir='ltr'><strong>quoniam</strong></span> <span class='ocrx_word' id='word_1_153' title='bbox 292 2694 403 2765; x_wconf 90' lang='lat' dir='ltr'><strong>sibi</strong></span> <span class='ocrx_word' id='word_1_154' title='bbox 372 2720 450 2765; x_wconf 78' lang='lat' dir='ltr'><strong>vivo</strong></span> <span class='ocrx_word' id='word_1_155' title='bbox 467 2719 538 2767; x_wconf 87' lang='lat' dir='ltr'><strong>non</strong></span> <span class='ocrx_word' id='word_1_156' title='bbox 557 2699 777 2807; x_wconf 73' lang='lat' dir='ltr'><strong>sobvenisset,</strong></span> <span class='ocrx_word' id='word_1_157' title='bbox 796 2719 944 2775; x_wconf 82' lang='lat' dir='ltr'><strong>mortem</strong></span> <span class='ocrx_word' id='word_1_158' title='bbox 960 2723 1058 2771; x_wconf 78' lang='lat' dir='ltr'><strong>suam</strong></span> 
     </span>
     <span class='ocr_line' id='line_1_25' title="bbox 109 2790 1058 2891; baseline 0.006 -30"><span class='ocrx_word' id='word_1_159' title='bbox 109 2815 156 2862; x_wconf 85' lang='lat' dir='ltr'><strong>ne</strong></span> <span class='ocrx_word' id='word_1_160' title='bbox 165 2790 311 2868; x_wconf 86' lang='lat' dir='ltr'><strong>inultam</strong></span> <span class='ocrx_word' id='word_1_161' title='bbox 323 2817 395 2866; x_wconf 85' lang='lat' dir='ltr'><strong>esse</strong></span> <span class='ocrx_word' id='word_1_162' title='bbox 407 2809 593 2886; x_wconf 88' lang='lat' dir='ltr'><strong>pateretur:</strong></span> <span class='ocrx_word' id='word_1_163' title='bbox 620 2819 657 2864; x_wconf 88' lang='lat' dir='ltr'><strong>se</strong></span> <span class='ocrx_word' id='word_1_164' title='bbox 669 2795 907 2867; x_wconf 88' lang='lat' dir='ltr'><strong>interfectum</strong></span> <span class='ocrx_word' id='word_1_165' title='bbox 897 2820 933 2866; x_wconf 90' lang='grc' dir='ltr'><strong>ιιι</strong></span> <span class='ocrx_word' id='word_1_166' title='bbox 945 2798 1058 2891; x_wconf 74' lang='lat' dir='ltr'><strong>plane-s</strong></span> 
     </span>
     <span class='ocr_line' id='line_1_26' title="bbox 107 2892 1057 2988; baseline 0.009 -30"><span class='ocrx_word' id='word_1_167' title='bbox 107 2903 202 2960; x_wconf 85' lang='lat' dir='ltr'><strong>trum</strong></span> <span class='ocrx_word' id='word_1_168' title='bbox 224 2913 244 2961; x_wconf 86' lang='lat' dir='ltr'>a</span> <span class='ocrx_word' id='word_1_169' title='bbox 262 2914 416 2988; x_wconf 85' lang='lat' dir='ltr'><strong>caupone</strong></span> <span class='ocrx_word' id='word_1_170' title='bbox 435 2913 507 2962; x_wconf 88' lang='lat' dir='ltr'><strong>esse</strong></span> <span class='ocrx_word' id='word_1_171' title='bbox 527 2892 732 2988; x_wconf 69' lang='lat' dir='ltr'><strong>&#39;conjectum</strong></span> <span class='ocrx_word' id='word_1_172' title='bbox 754 2909 787 2963; x_wconf 92' lang='lat' dir='ltr'><strong>et</strong></span> <span class='ocrx_word' id='word_1_173' title='bbox 806 2917 911 2987; x_wconf 88' lang='lat' dir='ltr'><strong>supra</strong></span> <span class='ocrx_word' id='word_1_174' title='bbox 928 2912 1057 2968; x_wconf 89' lang='lat' dir='ltr'><strong>stercus</strong></span> 
     </span>
     <span class='ocr_line' id='line_1_27' title="bbox 17 2983 1054 3104; baseline 0.008 -49"><span class='ocrx_word' id='word_1_175' title='bbox 17 3019 18 3022; x_wconf 38' lang='lat'>¹</span> <span class='ocrx_word' id='word_1_176' title='bbox 108 2983 295 3104; x_wconf 71' lang='lat' dir='ltr'><strong>injectum:</strong></span> <span class='ocrx_word' id='word_1_177' title='bbox 335 3006 459 3084; x_wconf 86' lang='lat' dir='ltr'><strong>petere,</strong></span> <span class='ocrx_word' id='word_1_178' title='bbox 492 3005 539 3061; x_wconf 90' lang='lat' dir='ltr'><strong>ut</strong></span> <span class='ocrx_word' id='word_1_179' title='bbox 554 2989 654 3061; x_wconf 71' lang='lat' dir='ltr'><strong>mani:</strong></span> <span class='ocrx_word' id='word_1_180' title='bbox 683 2989 728 3060; x_wconf 85' lang='lat' dir='ltr'><strong>ad</strong></span> <span class='ocrx_word' id='word_1_181' title='bbox 753 3007 887 3084; x_wconf 85' lang='lat' dir='ltr'><strong>portam</strong></span> <span class='ocrx_word' id='word_1_182' title='bbox 912 2992 1054 3078; x_wconf 84' lang='lat' dir='ltr'><strong>adesset,</strong></span> 
     </span>
     <span class='ocr_line' id='line_1_28' title="bbox 105 3082 1055 3196; baseline 0.007 -42"><span class='ocrx_word' id='word_1_183' title='bbox 105 3082 308 3178; x_wconf 72' lang='lat' dir='ltr'><strong>priusquim</strong></span> <span class='ocrx_word' id='word_1_184' title='bbox 340 3087 530 3196; x_wconf 86' lang='lat' dir='ltr'><strong>plaustrum</strong></span> <span class='ocrx_word' id='word_1_185' title='bbox 562 3113 608 3158; x_wconf 85' lang='lat' dir='ltr'><strong>ex</strong></span> <span class='ocrx_word' id='word_1_186' title='bbox 641 3112 686 3181; x_wconf 91' lang='lat' dir='ltr'><strong>op</strong></span> <span class='ocrx_word' id='word_1_187' title='bbox 711 3087 767 3158; x_wconf 90' lang='lat' dir='ltr'><strong>ido</strong></span> <span class='ocrx_word' id='word_1_188' title='bbox 807 3089 924 3159; x_wconf 82' lang='lat' dir='ltr'><strong>exiret.</strong></span> <span class='ocrx_word' id='word_1_189' title='bbox 975 3089 1055 3182; x_wconf 86' lang='lat' dir='ltr'><strong>Hoc</strong></span> 
     </span>
     <span class='ocr_line' id='line_1_29' title="bbox 105 3113 1055 3282; baseline 0.005 -30"><span class='ocrx_word' id='word_1_190' title='bbox 105 3181 239 3252; x_wconf 84' lang='lat' dir='ltr'><strong>somnio</strong></span> <span class='ocrx_word' id='word_1_191' title='bbox 257 3187 460 3268; x_wconf 85' lang='lat' dir='ltr'><strong>commotus,</strong></span> <span class='ocrx_word' id='word_1_192' title='bbox 481 3207 581 3256; x_wconf 87' lang='lat' dir='ltr'><strong>mane</strong></span> <span class='ocrx_word' id='word_1_193' title='bbox 565 3113 751 3258; x_wconf 65' lang='lat' dir='ltr'><strong>bubuico</strong></span> <span class='ocrx_word' id='word_1_194' title='bbox 767 3186 894 3280; x_wconf 78' lang='lat' dir='ltr'><strong>praesto</strong></span> <span class='ocrx_word' id='word_1_195' title='bbox 910 3187 954 3257; x_wconf 81' lang='lat' dir='ltr'><strong>ad</strong></span> <span class='ocrx_word' id='word_1_196' title='bbox 976 3211 1055 3282; x_wconf 84' lang='lat' dir='ltr'><strong>por·</strong></span> 
     </span>
     <span class='ocr_line' id='line_1_30' title="bbox 105 3277 1051 3381; baseline 0.002 -27"><span class='ocrx_word' id='word_1_197' title='bbox 105 3298 175 3358; x_wconf 69' lang='lat' dir='ltr'><strong>mm</strong></span> <span class='ocrx_word' id='word_1_198' title='bbox 191 3277 276 3352; x_wconf 87' lang='lat' dir='ltr'><strong>fuit:</strong></span> <span class='ocrx_word' id='word_1_199' title='bbox 304 3281 457 3376; x_wconf 83' lang='lat' dir='ltr'><strong>quaesivit</strong></span> <span class='ocrx_word' id='word_1_200' title='bbox 475 3307 520 3354; x_wconf 88' lang='lat' dir='ltr'><strong>ex</strong></span> <span class='ocrx_word' id='word_1_201' title='bbox 543 3308 595 3368; x_wconf 84' lang='lat' dir='ltr'><strong>eo,</strong></span> <span class='ocrx_word' id='word_1_202' title='bbox 614 3282 697 3378; x_wconf 89' lang='lat' dir='ltr'><strong>quid</strong></span> <span class='ocrx_word' id='word_1_203' title='bbox 719 3307 789 3354; x_wconf 81' lang='lat' dir='ltr'><strong>esse</strong></span> <span class='ocrx_word' id='word_1_204' title='bbox 791 3301 804 3352; x_wconf 97' lang='lat' dir='ltr'><strong>t</strong></span> <span class='ocrx_word' id='word_1_205' title='bbox 827 3281 862 3354; x_wconf 87' lang='lat' dir='ltr'><strong>in</strong></span> <span class='ocrx_word' id='word_1_206' title='bbox 878 3283 1051 3381; x_wconf 73' lang='lat' dir='ltr'><strong>plaustro·</strong></span> 
     </span>
    </p>
   </div>
   <div class='ocr_carea' id='block_1_9' title="bbox 0 0 1206 3914">
    <p class='ocr_par' dir='ltr' id='par_1_11' title="bbox 0 0 1206 3914">
     <span class='ocr_line' id='line_1_31' title="bbox 0 0 1206 3914; baseline 0 7"><span class='ocrx_word' id='word_1_207' title='bbox 0 0 1206 3914; x_wconf 95' lang='lat' dir='ltr'><strong> </strong></span> 
     </span>
    </p>
   </div>
  </div>
 </body>
</html>
