2398 3926
571 251 718 334 47.

324 449 481 542 Serpens,
499 446 579 533 sitis,
594 449 695 520 ardor
710 475 834 535 arenae,

4 593 5 602 κ
128 544 255 617 Dulcia
270 543 406 617 virtuti:
433 547 560 644 gaudet
576 546 733 640 patientia
748 551 852 620 duris.

179 699 406 774 Athenienses
420 681 521 796 primi
538 699 682 786 tarsen
695 719 729 774 et
744 701 822 784 eret,
834 719 867 774 et
885 702 953 776 vtes
968 729 1070 776 usum

130 797 301 885 docuere;
326 822 420 870 arare
431 823 579 898 quoque,
592 816 626 871 et
635 823 747 872 serere
756 796 948 887 frumenta3
976 802 1071 898 glan·

131 895 213 965 dem
237 895 450 967 vescentibus
472 895 715 988 monstrirurt.
766 898 891 969 Literae
913 897 1005 970 certe
1032 923 1071 970 ac

4 989 6 996 '
132 989 301 1076 facundia,
333 1010 368 1064 et
394 993 498 1070 civilis
519 997 606 1070 ordo
634 993 830 1091 disciplinae,
860 993 965 1068 veluti
989 1011 1074 1066 tem·
1185 1007 1192 1014 '

72 1139 76 1144 -
132 1090 244 1186 plum,
262 1091 417 1170 Athenas
431 1089 636 1168 habuerunt.

547 1275 662 1351 Pavo.
763 1233 768 1240 .

133 1425 282 1515 Miraris,
300 1427 432 1523 quoties
446 1444 658 1524 gemmantes
674 1427 820 1522 explicat
836 1411 929 1500 alas:

183 1525 228 1598 Et
244 1543 340 1622 potes
357 1527 451 1601 hunc
467 1551 558 1603 saevo
575 1525 718 1610 tradere,
739 1527 840 1608 dure,⁴
852 1523 990 1619 coquo?

158 1799 166 1818 ι
184 1705 286 1797 Saepe
296 1703 452 1773 videmus
468 1675 593 1774 fractos
604 1703 748 1796 pudore,
766 1700 825 1796 qui
836 1700 932 1773 nullia
949 1699 1078 1776 ratione

134 1817 362 1879 vmcerentur.

135 1955 286 2040 Invidus,
305 1953 498 2040 iracundus,
520 1954 619 2040 iners,
637 1953 784 2040 vinosus,
804 1973 944 2042 amator,

135 2055 253 2128 Nemo
269 2053 356 2125 adeo
373 2052 467 2124 ferus
484 2071 543 2139 est,
562 2072 601 2125 ut
618 2077 689 2125 non
705 2053 887 2125 mitescere.
897 2055 1012 2148 possit,

137 2149 293 2225 simodo
307 2151 450 2224 culturae
463 2152 645 2250 patientem
658 2152 854 2234 commodet
868 2175 998 2223 aurem.

186 2330 356 2402 Dabimus
375 2321 502 2425 pueris'
512 2328 652 2424 aliquod
674 2327 929 2399 laxamentum:
948 2325 1080 2401 desides

137 2428 222 2498 verb
241 2453 299 2499 eos
321 2451 480 2500 essenon
503 2428 662 2510 sinemus,
683 2442 717 2500 et
737 2426 857 2523 procul
880 2426 901 2501 a
920 2442 1078 2518 contactu

138 2525 336 2598 deliciarum
349 2524 578 2601 retinebimus,
627 2521 723 2594 Nihil
734 2521 825 2594 enim
841 2524 948 2621 magis
960 2525 1085 2624 volupg

138 2625 240 2702 tarios
257 2642 291 2694 et
306 2623 486 2692 iracundos
507 2618 597 2701 facit,
620 2620 725 2714 quim
742 2621 896 2700 educatio
919 2622 1031 2699 mollis
1047 2640 1081 2700 et

7 2787 15 2806 .
138 2722 275 2798 blanda.
326 2720 408 2790 ldeo
441 2720 513 2813 qub
547 2719 624 2814 plus
649 2718 846 2814 indulgetur
880 2720 1003 2813 pueris,
1035 2719 1079 2788 eb

139 2817 330 2912 corruptior
341 2815 407 2893 illis
416 2818 548 2898 munus
560 2834 621 2888 est.
672 2816 830 2896 Offensus
847 2817 1009 2909 patienter
1024 2813 1082 2885 ille

142 2942 213 2990 non
235 2913 330 3000 feret,
364 2916 418 2986 cui
441 2915 525 2988 nihil
556 2938 708 3008 unquam
738 2931 901 3007 negatum
930 2927 991 2995 est,
1024 2911 1079 2985 cui

140 3016 305 3112 lacrymas
321 3012 448 3084 solicita
465 3036 598 3105 semper
611 3028 718 3081 mater
734 3007 897 3079 abstersit.

141 3179 234 3268 Vivit
250 3206 283 3260 et
300 3183 467 3264 armiferae
482 3166 727 3262 comix'invisa
739 3179 932 3274 Minervoeg

155 3287 258 3358 'Ista
268 3284 410 3387 quidem
419 3281 521 3362 seclis,
529 3281 587 3351 vix
599 3278 765 3360 moritura
775 3278 907 3358 decern.
1027 3337 1029 3345 .
1138 3283 1140 3290 ’

426 3588 431 3598 ⁸
467 3547 480 3579 Ι
