2398 3926
951 4 1180 225 ἧ

608 248 661 323 31

187 412 368 516 Virtus
320 441 403 538 eripi
418 465 597 540 nunquam
613 461 748 540 potest:
759 443 1080 545 nequenaufragio,

131 561 250 636 neque
265 541 422 616 incendio
438 542 614 616 amittitur.

237 770 240 774 -
715 729 827 803 Vivite
843 730 958 819 fortes,

132 827 318 924 Fortiaque
333 829 482 901 adversis
498 827 660 925 opponite
676 845 815 925 pectora
829 833 943 902 rebus.

187 1007 277 1102 Quis
300 1025 352 1080 est
376 1025 445 1080 tam
470 1031 600 1093 vecors,
628 1007 698 1104 qui,
725 1007 811 1080 crim
835 1007 1030 1105 suspexerit
1048 1003 1084 1082 ιιι

133 1106 279 1191 coelum,
297 1129 370 1178 non
385 1105 504 1178 sentiat
520 1099 638 1178 Deum
655 1105 758 1179 esse?
847 1137 852 1142 ’

134 1275 214 1348 Cur
230 1299 302 1347 non
315 1276 413 1347 mitto
429 1301 525 1347 meos
542 1275 611 1361 tibi,
627 1277 826 1362 Pontiliane‚
846 1278 977 1352 libellos
993 1279 1009 1351 ?

183 1376 242 1446 Ne
259 1374 342 1446 mihi
359 1393 397 1446 tu
414 1373 535 1484 mittas,
554 1375 753 1460 Pontiliane,
771 1392 862 1449 tuos.

186 1564 315 1732 itliiipiirrti
356 1564 489 1652 talentis
533 1540 640 1638 uriam
687 1563 877 1637 orationem
920 1567 1083 1639 Isocrates

135 1684 202 1734 ven
262 1677 287 1732 rt
566 1693 568 1697 ’

135 1858 224 1928 Νοιι
233 1855 354 1951 opibus
367 1871 497 1927 mentes
514 1855 705 1940 hominum,
721 1881 883 1952 curaeque
896 1839 1079 1949 levantur,
1153 1937 1156 1944 ,

186 1953 279 2026 Nam
294 1951 433 2026 fortuna
448 1979 510 2026 sua
526 1971 682 2049 tempora
697 1955 777 2052 lege
790 1956 887 2052 regit.

183 2143 311 2214 Nostra
330 2167 393 2213 nos
415 2141 522 2236 patria
543 2142 709 2213 delectat.
730 2144 827 2236 cujus
850 2158 941 2212 tanta
954 2161 1004 2214 est
1020 2142 1079 2228 vis,

136 2265 174 2312 ac
192 2258 283 2312 tanta
294 2258 425 2330 natura,
445 2257 483 2310 ut
496 2239 757 2334 sapientissimus
775 2239 824 2308 vir
839 2236 1081 2312 immortalitati

137 2355 318 2434 anteponat
333 2339 495 2421 Ithacam,
514 2337 550 2406 in
565 2335 757 2430 asperrimis
772 2335 861 2406 saxis
876 2336 1025 2408 affixam.

596 2519 721 2594 Omnis
736 2521 827 2592 enim
843 2549 906 2607 res,

136 2621 262 2703 Virtus,
282 2619 386 2707 fama,
403 2620 517 2703 decus,
537 2617 663 2704 divina,
684 2619 911 2718 humanaque,
930 2625 1082 2718 pulchris
1127 2671 1135 2678 ·

136 2718 269 2790 Divitiis
285 2733 415 2814 parent.
634 2747 637 2752 ·

144 2895 342 2972 Thales'
332 2912 579 2992 rnterrogatus‚
595 2895 702 2991 quid
701 2915 787 2996 εειει
804 2893 932 2968 Deus?
960 2899 1077 2992 Quod,

138 2965 254 3090 inquit,
274 3009 365 3065 caret
379 2993 474 3069 initio
491 3012 524 3065 et
541 2995 621 3066 fine.

141 3171 501 3247 Pecumamrnloco
512 3171 695 3271 negligere,
707 3195 898 3248 maxrmum
906 3173 1079 3254 interdum

138 3288 185 3345 est
202 3270 352 3346 lucrum
