2398 3926
115 586 250 659 Pallida
260 611 353 660 mors
364 609 466 710 aequo
473 587 587 686 pulsat
600 587 687 684 pede
700 577 1067 684 pauperumrabemas,

158 673 393 785 Regumque
401 703 520 759 turres
614 763 620 774 ,
987 744 990 747 -

162 881 250 952 Non
263 894 314 954 e'st
330 879 461 978 injussu
477 879 703 975 imperatoris,
716 880 752 953 id
768 896 819 954 est
820 879 923 970 ,ner
940 881 984 954 de
999 893 1078 1015 sta·-

87 975 143 1050 tio
155 1001 202 1050 ne
219 977 298 1052 vitae
315 978 567 1051 decedendum.

111 1175 216 1270 Saepe
233 1200 310 1272 ego,
325 1197 369 1245 ne
384 1173 547 1261 biberem,
565 1173 660 1248 volui
677 1151 827 1262 dorrrrire
841 1170 950 1246 videri
960 1197 972 1246 ε
982 1161 989 1190 ”

163 1273 265 1344 Dum
282 1273 409 1360 videor,
423 1297 546 1346 somno
562 1273 692 1347 lumina
708 1273 796 1347 victa
811 1272 901 1346 dedi.
951 1292 953 1297 ’

164 1476 274 1591 Apud
289 1478 520 1569 Herodotum,
539 1495 671 1580 patrem
686 1477 847 1565 historiae,
865 1493 946 1555 sunt
961 1475 1064 1588 innuf

110 1572 292 1649 merabiles
307 1573 479 1652 fabulae·

232 1793 235 1798 “
656 1771 791 1844 Ultima
805 1793 942 1866 sempar

110 1868 337 1964 Expectanda
352 1867 423 1948 dies
439 1865 571 1948 homini
587 1883 658 1940 est:
685 1865 820 2038 &cipue
835 1870 955 1942 beatus
1003 1936 1012 1948 ,

111 1967 208 2040 Ante
224 1966 356 2039 obitum
371 1990 486 2052 nemo,
501 1987 728 2102 supremaque
760 1989 877 2053 unera,
891 1965 1072 2042 debet.

160 2111 277 2234 Nulla
283 2149 456 2280 capitalior
464 2161 584 2282 pestis,
599 2160 711 2258 quam
721 2161 876 2260 corporis
886 2161 1054 2260 voluptas,

50 2260 60 2272 ‘
113 2255 340 2332 hominibus
325 2283 346 2332 a
357 2259 484 2343 natura
500 2261 577 2334 data
589 2277 652 2334 est.

313 2473 435 2544 Rebus
451 2470 603 2570 angustis
619 2469 792 2546 animosus
807 2487 911 2570 atque

313 2567 425 2642 Fortis
441 2587 575 2666 appare.
625 2595 640 2624 ·

160 2765 223 2842 Est
244 2764 422 2864 proprium
443 2764 606 2862 stultitia,
630 2765 776 2846 aliorum
800 2769 890 2848 vitia
900 2790 1055 2860 cernere,

111 2863 263 2940 oblivisci
277 2889 434 2943 suorum.

114 3059 323 3159 Pauperiem‚
337 3061 477 3138 modico
492 3083 683 3153 contentus,
701 3087 838 3164 semper
851 3063 986 3159 an'ravi3
1087 3071 1093 3084 '

159 3161 206 3240 Et
219 3185 339 3234 rerum
355 3163 527 3254 dominus,
545 3165 594 3237 nil
612 3164 794 3291 cupierrdo,
811 3160 874 3238 fui.

157 3355 217 3430 Ne
243 3383 303 3432 eos
324 3357 385 3436 tibi
408 3359 529 3436 fideles
551 3357 628 3436 fore
650 3377 762 3462 putes,
792 3343 880 3462 ques
908 3355 1124 3520 pecuniss

115 3457 311 3556 corruperis.

331 3552 456 3682 ,ΙΝ
563 3555 597 3633 c
