2404 3914
9 3111 96 3224 i„

10 3478 16 3564 i

13 3626 16 3687 i

588 219 640 305 57

413 417 669 494 Candelabrum
687 423 851 517 ligneum.

148 595 234 672 Esse
250 599 344 672 vides
362 603 495 699 lignum
513 628 523 674 z
550 623 664 674 serves
681 601 744 673 nisi
761 601 899 685 lumina,
918 599 977 671 fiet

201 701 258 770 De
271 701 478 773 candelabro
496 726 623 800 magna
640 703 778 772 lucerna
795 700 866 770 tibi.

197 875 334 946 Urbem
348 875 484 947 cuidam
499 875 696 946 Alexander
709 875 869 944 donabat.
920 873 1016 943 Cum
1027 869 1094 953 ille,

154 970 207 1043 cui
229 972 431 1058 donabatur,
450 992 583 1044 tantum
605 997 731 1043 munus
754 988 934 1052 recusaret,
955 969 1096 1040 diceret·

44 1133 52 1140 .
152 1091 220 1164 que
245 1095 316 1140 non
343 1073 524 1146 convenire
550 1071 699 1144 fortunae
723 1095 818 1156 suse3
856 1071 940 1139 Non
967 1090 1100 1162 quaero,

147 1166 269 1263 inquit,
289 1167 371 1264 quid
389 1187 422 1240 te
439 1169 590 1266 accipere
608 1170 735 1254 deceat,
755 1169 814 1238 sed
831 1167 915 1262 quid
931 1190 988 1236 me
1005 1165 1097 1296 dare

99 1451 102 1454 Ι
150 1337 250 1508 Saepe
266 1337 387 1412 iorem
404 1337 482 1426 vidi,
502 1337 613 1414 crim
601 1361 672 1438 jem
693 1361 754 1411 sua
771 1335 904 1410 mittere
921 1334 1023 1408 veliet

229 1433 375 1527 ulmina3
403 1431 505 1510 thure
522 1436 614 1522 dato,
635 1433 831 1512 sustinuisse
849 1441 1005 1507 marium.

199 1607 319 1682 Animi
360 1607 508 1728 improbi
546 1630 682 1702 semper
737 1605 931 1679 cruciantur
982 1554 1097 1712 poenes

151 1703 285 1791 timore,
312 1729 383 1799 qua
404 1722 464 1776 aut
485 1704 688 1790 afficiuntur,
716 1719 775 1776 aut
801 1724 947 1798 semper
959 1697 1099 1771 suntin

119 1805 123 1810 ’
154 1819 265 1892 metu,
281 1825 326 1874 ne
342 1802 525 1900 aliquando
541 1799 741 1908 afficiantur.

642 1891 734 2012 'i

328 1975 428 2046 Mors
444 1971 517 2048 sola
532 1969 705 2049 fatetur*

157 2071 334 2166 Quantula
350 2071 416 2146 sint
434 2071 616 2146 homiuum
633 2067 848 2169 corpuscula.

202 2267 262 2336 Ab
280 2264 459 2362 Antigono
478 2265 631 2362 Cynicus
654 2267 793 2361 quidem
810 2267 903 2360 petiit
920 2267 1123 2338 talentum.

158 2361 361 2459 Respondit,
380 2364 458 2457 plus
475 2389 560 2450 esse,
583 2363 691 2476 quim
707 2365 802 2460 quod
822 2363 973 2461 Cynicus
990 2380 1106 2458 petere
1191 2383 1192 2416 ³

156 2461 306 2532 deberet.
359 2461 544 2556 Repulsus,
564 2461 659 2555 petiit
675 2461 863 2534 denarium.
911 2461 1104 2555 Respondit

155 2583 231 2644 rex,
249 2558 362 2631 miuus
378 2582 462 2642 esse,
481 2560 587 2654 quim
605 2559 699 2654 quod
716 2584 850 2655 regem
851 2561 987 2633 deceret
1010 2559 1104 2634 dare

154 2654 238 2729 Sic
227 2656 356 2729 invenit
372 2655 570 2762 Antigenus
587 2657 764 2781 quomode
780 2676 942 2732 neutrum
960 2658 1068 2731 daret

439 2811 443 2816 ¹
554 2815 695 2894 Fistlu
620 2829 705 2889 tmu

106 2998 116 3021 ”
134 2980 228 3080 Quid
245 3006 301 3054 me
319 2999 536 3076 compactum
553 2985 648 3069 cerie,
669 3001 703 3056 et
719 2983 897 3070 arundine,
916 2982 1005 3056 rides
1023 2981 1043 3059 i

207 3084 305 3178 Quae
316 3081 470 3180 primum
487 3097 644 3156 extructa
660 3101 710 3154 est
727 3083 850 3196 fistula,
869 3083 942 3154 talis
959 3100 1042 3160 erut

208 3259 333 3356 Neque
355 3259 524 3356 pecuniae,
542 3285 654 3356 neque
670 3279 759 3335 tecta
778 3265 971 3378 magnifice,
988 3285 1105 3355 nequo

159 3381 251 3457 opes,
279 3382 391 3464 neque
416 3359 508 3455 impe
490 3357 567 3444 ria,
586 3384 698 3460 neque
720 3323 953 3460 voluptates,
944 3385 979 3434 m
1005 3359 1107 3436 bonis
