2404 3914
548 183 604 278 56

99 387 256 462 dolorem
282 389 609 486 possit--Ex
638 389 723 462 Asici
738 389 886 478 rediens,
902 389 987 464 edm
1003 391 1047 462 ab

100 483 229 581 AEginai
241 489 422 583 Megaram
431 487 555 561 versus
564 487 770 584 navigarem,
782 487 872 583 coepi
888 487 1048 582 regiones

98 580 321 657 circumcirca
351 583 557 681 prospicere.
591 587 674 658 Post
710 609 767 658 me
800 600 873 657 erat
905 583 1046 680 Aigina,

97 676 178 751 ante
211 683 365 778 Megara,
384 681 507 754 dextri
532 667 675 772 Piraeus,
686 681 818 754 sinistri
836 681 1048 758 Corinthus:

98 800 180 868 quas
228 779 352 874 oppida
400 780 552 876 quodam
601 797 756 874 tempore
814 775 1051 850 florentissima

98 869 252 961 fuerunt,
281 883 374 949 nun'c
406 894 572 972 prostrata
603 901 642 948 ac
687 873 797 946 diruta
825 892 902 962 ante
928 867 1052 952 oculos

99 970 222 1064 jacent.
273 973 376 1070 Coepi
416 991 553 1070 egomet
602 969 740 1045 mecum
785 971 831 1044 sic
872 971 1049 1068 cogitate:

98 1063 207 1155 Hem,
265 1093 329 1140 nos
373 1069 574 1144 homunculi
619 1069 850 1166 indignamur,
892 1067 921 1140 si
970 1066 1048 1163 quis

98 1167 260 1244 nostrum
292 1167 430 1258 interiit,
456 1185 515 1239 aut
544 1165 676 1238 occisus
708 1182 769 1251 est,
804 1189 955 1260 quorum
981 1166 1054 1236 vita·

99 1259 236 1332 brevior
252 1287 325 1333 esse
351 1265 464 1349 debet,
481 1265 566 1334 etim
583 1287 654 1333 uno
677 1263 754 1333 loco
771 1278 821 1333 tot
841 1261 1050 1363 oppidorum

100 1359 263 1428 cadavera
295 1362 446 1456 projecta
470 1357 627 1456 jaceant?
662 1357 776 1432 visne·
791 1375 829 1428 tu
857 1375 905 1446 te,
938 1357 1051 1456 Servi,v
1147 1403 1151 1409 ·

99 1451 272 1543 cohibere,
282 1472 317 1526 et
332 1454 524 1528 meminisse
536 1454 756 1529 hominemte
768 1475 841 1532 esse
859 1453 1052 1528 natum?-

99 1553 217 1625 Crede
233 1551 340 1625 mihi:
359 1551 562 1652 cogitatione
578 1551 619 1626 ed
635 1549 708 1625 oon
718 1549 936 1625 mediocriter
950 1589 951 1594 =
967 1561 1049 1627 sum

98 1650 332 1724 confirmatus.
559 1661 563 1668 ’
871 1737 885 1754 „
1043 1661 1050 1758 j

96 1753 173 1877 Ipsa
184 1773 284 1854 etiam
300 1783 438 1856 verriens
448 1763 620 1856 consumit
635 1767 718 1854 saxa
731 1787 907 1882 uetustas:
992 1787 994 1790 ’

125 1879 193 1994 ⁶·Et
214 1879 350 1972 nullum
360 1895 423 1968 est,
437 1883 533 1977 quod
554 1901 626 1952 non
649 1894 805 1983 tempore
822 1877 935 1967 cedat,
950 1877 1049 1978 opus

107 1999 111 2007 Ι
148 1997 246 2106 Citm
271 2031 307 2102 in
338 2000 486 2126 phiditiis
513 1995 857 2121 Lacedaemoniorum
875 1983 1052 2128 'tyrronus

97 2128 299 2206 cenavisset
311 2129 662 2226 Dionysiuspnegavit
689 2153 726 2205 se
741 2129 828 2226 jure
843 2129 903 2200 illo
935 2129 1050 2226 nigro,

13 2275 14 2280 =
125 2229 195 2302 uod
210 2251 321 2310 coenae
339 2244 538 2323 caputerat,
553 2226 768 2318 delectatum.
820 2227 914 2298 Tum
931 2224 973 2315 is,
991 2228 1051 2322 qui

95 2255 156 2399 iila
172 2341 328 2398 coxerat:
360 2323 500 2396 minime
518 2323 668 2413 mirum;
699 2321 917 2396 condimenta
956 2324 1050 2398 enim
1128 2402 1131 2407 ,

97 2421 295 2496 defuerunt.
348 2424 440 2518 Quae
452 2421 618 2512 tandem?
634 2420 743 2517 inquit
759 2421 828 2498 ille.
880 2421 997 2496 Labor
1011 2417 1048 2496 in

95 2519 236 2604 uenatu,
252 2520 371 2606 sudor,
387 2541 508 2591 cursus
529 2520 576 2590 ad
605 2519 786 2607 Eurotam,
818 2513 937 2602 fames,
955 2517 1046 2592 sitist

97 2615 153 2690 his
169 2614 260 2686 enim
275 2617 379 2688 rebus
411 2616 756 2693 Lacedaemoniorum
789 2616 899 2714 epulae
932 2613 1049 2688 condi·

98 2731 218 2786 untur.
268 2753 270 2766 =
655 2729 658 2736 '

96 2856 250 2932 Homine
269 2857 427 2956 imperito
442 2879 619 2953 nunquam
633 2855 820 2952 quidquam
831 2852 998 2952 injustius,
1084 2871 1088 2878 '

98 2953 185 3047 Qui,
202 2957 265 3026 nisi
276 2958 371 3054 quod
387 2957 458 3053 ipse
469 2953 562 3042 facit,
576 2953 625 3026 nil
637 2971 772 3027 rectum
783 2969 890 3048 putat.

149 3085 306 3160 Socrates
322 3071 421 3158 servo
442 3084 488 3158 ait
501 3110 514 3170 ς
546 3085 716 3158 caederem
732 3099 779 3169 te,
795 3079 858 3154 nisi
873 3079 1047 3154 irascerer.

99 3178 245 3258 Poenam
253 3182 638 3284 serviinaliudternpus
650 3180 778 3256 distulit
789 3209 800 3272 5
822 3179 882 3252 illo
892 3193 1047 3280 tempore

103 3277 340 3371 seadmonuit.
457 3309 459 3314 ·
774 3307 777 3312 ·
1020 3275 1034 3314 ³
