2398 3926
580 299 634 372 45

186 495 331 586 Semper
341 490 386 564 ita
405 491 568 578 vivamus,
584 513 621 566 ut
638 493 801 568 rationem
818 497 916 572 nobis
932 495 1074 570 redden-

137 590 218 660 dam
234 591 460 662 arbitremur..

333 754 428 847 Quid
445 753 582 838 mirum,
601 778 741 828 noscere
759 757 928 830 mundum

117 850 173 921 ‘Si
186 851 328 944 possunt
340 851 506 935 nominee,
522 853 644 946 quibus
655 873 705 924 est
717 874 751 925 et
767 857 917 948 mundus
932 857 968 927 in
983 856 1072 952 ipsis,
1091 871 1101 878 ⁴

135 947 416 1043 Exemplumque
428 949 495 1020 Dei
514 951 657 1046 quisque
674 951 775 1022 estin
791 952 937 1049 imagine
953 954 1076 1050 parvi?

185 1112 238 1184 Ea
254 1107 382 1198 caritas,
398 1133 476 1208 quae
493 1131 542 1186 est
555 1114 715 1186 internos
727 1131 760 1186 et
773 1129 938 1211 parentes,
951 1111 1073 1201 dirinti,

137 1208 199 1281 nisi
216 1208 401 1284 detestabili
417 1209 553 1299 scelere,
571 1207 643 1318 tion
657 1227 778 1310 potest.
936 1222 940 1227 ’

565 1378 656 1460 Gar.
732 1427 739 1434 -

136 1543 227 1624 'l'ota
242 1548 332 1624 mihi·
343 1550 512 1626 dormitur
523 1548 663 1666 h'yema·
673 1566 707 1624 st
719 1547 882 1668 pinguior
896 1550 970 1666 illo·

185 1649 359 1746 Tempore
373 1671 463 1736 sum,
476 1671 546 1746 quo
557 1670 614 1721 me
629 1647 677 1719 ml
693 1669 756 1720 nrsr
772 1669 913 1720 somnus
928 1647 997 1719 aiat.

184 1820 271 1894 Non
286 1817 480 1916 intelligunt
493 1818 659 1906 homines,
674 1816 781 1918 quarn
793 1821 959 1918 magnum
974 1813 1075 1893 verti·
1118 1841 1121 1844 ·
1160 1871 1166 1881 -

134 1916 191 2014 gal
208 1915 250 1988 eit
265 1917 478 2014 parsimonia.
525 2017 531 2029 ¹
562 1965 563 1970 =

479 2089 578 2168 Dum
593 2090 663 2165 fata
678 2090 803 2178 sinunt,

284 2185 395 2258 Vivite
411 2185 479 2258 laeti
495 2215 505 2275 3
525 2205 683 2284 properat
700 2213 802 2263 cursu

284 2283 363 2356 Vita
379 2283 501 2370 citato;
528 2284 729 2376 volucrique
745 2283 800 2356 die

285 2380 378 2452 Rota
393 2381 572 2480 praecipitis¹
588 2380 729 2452 vertitur
745 2376 835 2450 anni.

183 2549 277 2633 Filia,
296 2549 352 2620 cui
368 2573 495 2620 nomen
510 2550 609 2635 Pero,
622 2548 781 2634 admovit,
795 2547 886 2620 velut
898 2545 1074 2634 infantem,

137 2646 268 2743 pectori
279 2671 353 2729 suo,
371 2663 472 2740 atque
484 2647 576 2730 aluit,
588 2664 717 2740 patrem
728 2671 839 2731 suum,
848 2645 968 2744 grandi
978 2663 1076 2718 aetate

134 2768 263 2838 senem,
279 2743 338 2842 qui
354 2743 389 2814 in
406 2744 593 2844 custodiam
603 2744 744 2816 traditus
755 2743 877 2818 fuerat.

9 2895 10 2900 ἵ
33 3002 38 3012 Ι
82 2886 84 2892 ¹
138 2915 173 2984 Ο
185 2938 252 2999 rus,
268 2916 406 3010 quando
419 2941 485 3012 ego
495 2934 529 2987 te
545 2909 723 3012 aspiciam?
735 2913 941 3008 quandoque
952 2912 1077 2998 licebit,¹

136 3011 401 3083 Nuncveterum
412 3013 513 3095 libris,
520 3037 613 3094 nunc
624 3011 960 3083 somnoetinertibus
971 3009 1074 3098 horis,

135 3109 274 3181 Ducere
291 3109 429 3180 solicitae
443 3109 596 3208 jucunda
612 3105 736 3200 oblivia
748 3105 852 3179 vitae?

185 3281 306 3352 Mento
328 3279 419 3352 recte
446 3279 496 3353 uti
512 3301 583 3351 non
606 3299 797 3374 possumne,
817 3279 926 3351 multo
950 3277 1025 3352 cibo
1042 3291 1076 3348 et

136 3375 276 3472 potione¹
292 3377 461 3475 completi.
