2398 3926
159 445 330 520 lustitia
304 469 375 516 sine
391 442 574 538 prudentii
592 440 784 538 plurimum
803 439 948 534 poterit3
980 437 1051 548 sine

107 541 235 641 justitia
250 542 334 614 nihil
352 541 476 614 valebit
497 540 691 637 prudentia.

266 728 419 806 Minus
410 753 445 798 ιιι
467 706 578 822 parvis
599 699 737 797 fortuna
758 725 850 809 furit,

235 907 238 913 ,
313 827 511 921 Levidsque
528 823 606 896 ferit
622 824 748 895 leviora
763 823 870 894 Deus.

129 1061 131 1068 ,
162 1001 281 1078 Lusus
291 996 404 1091 pueris
419 997 627 1091 proderunt:
654 994 734 1090 quia
751 994 845 1090 pueri
862 1010 938 1090 post
956 993 1051 1067 lusus

114 1098 192 1191 plus
224 1096 347 1166 virium
372 1112 405 1164 et
436 1094 602 1164 acriorem
637 1094 790 1164 animum
823 1093 968 1163 afferunt
1007 1094 1056 1163 ad

115 1193 326 1263 discendum.
339 1191 468 1262 Modus
478 1208 592 1261 tamen
601 1189 643 1260 sit
656 1189 927 1261 remissiomlrus.
940 1213 983 1260 ne
995 1208 1053 1261 aut

114 1305 246 1384 negatae
266 1288 385 1357 odium
407 1288 598 1358 studiorum
619 1283 753 1370 faciant,
778 1303 836 1358 aut
856 1287 970 1360 nimiae
995 1285 1055 1360 otii

115 1384 396 1474 consuetudinem
412 1383 563 1456 afferant.
1052 1409 1059 1424 .

115 1552 243 1631 Dulcia
257 1552 391 1627 defecta
407 1554 602 1626 modulatur
619 1555 768 1627 carmina
766 1555 947 1732 lingua,
997 1567 1001 1578 '

117 1656 331 1764 Cantator
347 1676 475 1804 cycnus
490 1651 646 1724 funeris
636 1678 708 1748 rpse
724 1655 788 1727 sui.

144 1831 263 1904 Nihrl
289 1849 339 1902 est
370 1849 440 1901 tam
472 1830 616 1927 regium,
644 1849 715 1902 tam
740 1833 887 1918 liberale,
918 1852 1058 1930 tamque
1118 1857 1120 1862 ·

118 1928 331 2009 munificum,
345 1926 451 2020 quitur
462 1952 564 2019 opem
579 1926 669 1998 ferre
678 1928 897 2021 supplicibus,
910 1933 1059 2005 excitare

117 2025 269 2130 afflictos,
282 2023 362 2096 dare
372 2023 525 2105 salutem,
539 2023 680 2096 liberare
691 2024 849 2120 periculis
859 2027 1026 2102 homines.

119 2197 238 2268 Virtus
254 2211 315 2278 est,
332 2191 452 2264 vitium
467 2189 613 2290 fugere3
641 2211 675 2267 et
691 2194 851 2291 sapientia
866 2195 986 2292 prima,
1074 2235 1080 2248 ·

49 2346 54 2354 «
121 2290 270 2368 Stultitia
287 2291 442 2363 caruisse.

171 2470 363 2560 Augustus,
381 2485 557 2534 summum
574 2459 755 2558 imperium
768 2463 894 2538 Romae
907 2467 1066 2562 adeptus,¹

123 2577 262 2654 nepotes
288 2583 368 2631 suos
387 2561 526 2645 literas,
558 2560 690 2656 aliaque
718 2561 910 2636 rudimenta
937 2589 997 2660 ρει
1025 2589 1062 2640 se

124 2660 336 2754 plerumque·
344 2655 470 2726 docuit.

125 2829 292 2902 Crudeles
307 2825 403 2900 Divi!
429 2847 566 2920 serpens
583 2851 693 2896 novus
708 2828 803 2898 exuit
819 2851 947 2900 annos:
1066 2841 1070 2853 '

172 2931 308 2999 Formae
325 2947 395 2997 non
411 2922 517 2994 ullam
532 2921 600 2994 fata
623 2923 747 2994 dedere
764 2947 908 2998 moram.

173 3104 373 3176 Alexander
384 3129 465 3176 cum
477 3103 573 3177 nullo
583 3102 733 3176 hostium
743 3128 896 3202 unquam
906 3130 1065 3224 congres-

124 3224 182 3273 sus
195 3218 255 3284 est,
274 3219 378 3295 quem
389 3225 461 3272 non
477 3201 615 3275 vicerit:
642 3203 772 3276 nullam
785 3206 906 3277 urbem
918 3206 1060 3332 obsedit,

125 3320 316 3394 quamnon
333 3299 589 3396 expugnaverit.
809 3331 814 3336 ·
