2404 3914
79 444 261 520 erniculum
277 439 380 516 dedit.
407 443 541 513 Multos
558 440 796 536 locupletavit:
826 439 1024 534 complures

75 565 239 640 pauperes
256 560 411 612 mortuos
427 565 490 612 suo
507 558 622 612 sumtu
638 539 771 612 extulit.

349 709 444 780 Falr
457 704 564 800 ,sactu
592 727 636 777 ee
662 726 750 776 erse.

77 855 151 928 Pax
169 878 225 926 me
242 873 332 926 certa
349 855 443 926 ducis
458 853 609 950 placidos
627 852 777 926 curvavit
792 852 829 922 in
843 873 934 924 usus.

129 953 304 1050 Agricolae
321 977 413 1024 nunc
430 975 517 1037 sum,
537 952 650 1022 militis
666 951 744 1022 ante
762 949 823 1022 fui.

128 1117 226 1190 Nihil
242 1101 373 1188 borium
405 1133 465 1200 est,
484 1114 547 1185 nisi
580 1115 676 1210 quod
708 1112 905 1186 honestum:
940 1112 1027 1184 nihil

80 1215 224 1301 malum,
240 1215 302 1284 nisi
319 1215 413 1309 quod
430 1231 540 1306 turpe.

249 1375 430 1470 ,Quicquid
446 1375 588 1446 excessit
605 1377 762 1460 modum,

251 1475 382 1545 Pendet
398 1473 542 1545 instabili
558 1474 645 1546 loco.

133 1606 266 1677 Octava
283 1603 451 1677 Calendas
468 1604 557 1688 tulii,
593 1605 788 1718 longissima
821 1605 892 1676 dies
907 1687 910 1694 ,
924 1605 1030 1676 totius

81 1703 170 1788 anni,
190 1722 223 1776 et
239 1729 312 1774 nox
328 1702 532 1786 brevissima,
551 1703 730 1775 solstitmm
747 1703 950 1776 conficiunu'

132 1848 220 1939 Quis
237 1847 327 1917 enim
344 1847 503 1916 virtutem
520 1847 733 1942 amplectitur
749 1849 869 1942 ipsam,

82 1944 227 2016 Praemia
243 1943 270 2012 si
286 1941 400 2013 tollis?

133 2097 233 2179 Titus
249 2095 399 2178 amor'ac
423 2103 552 2176 deliciae
585 2105 719 2204 generis
746 2106 886 2180 humani
914 2110 1029 2204 appel-

82 2209 171 2280 latus
187 2224 247 2278 est.
290 2202 565 2295 Admouentibus
583 2203 785 2302 domesticis
819 2207 899 2301 quia
931 2207 1033 2301 plura

83 2305 312 2400 polliceretur,
331 2302 439 2397 quiem
449 2303 611 2398 p'raestare
620 2320 757 2397 posset:
784 2327 856 2374 non
873 2323 1034 2400 oportere

82 2405 138 2486 ait,
158 2401 403 2496 quemquami
430 2425 586 2474 sermone
618 2401 777 2500 principis
808 2401 938 2476 tristem
967 2403 1032 2474 dis·

83 2500 214 2569 cedere.
239 2503 357 2590 Atque
374 2499 473 2570 etiam
491 2495 687 2570 recordatus
720 2502 895 2596 quondam
928 2523 1033 2598 super

83 2617 217 2667 coenam
236 2593 332 2686 quod
359 2593 443 2662 nihil
465 2595 626 2688 cuiquam
642 2616 715 2670 toto
732 2598 786 2670 die
813 2598 1028 2693 praestitisset,

84 2688 339 2764 memorabilem
356 2688 460 2769 illam,
496 2696 690 2786 meritoque
723 2697 892 2766 laudatam
909 2719 1029 2767 vocem

83 2790 211 2860 edidit:
238 2783 362 2867 Amici,
390 2783 480 2854 diem
496 2787 647 2878 perdidi!
992 2801 1001 2809 “

88 2923 219 3028 Gratia}
245 2941 346 3025 fama,
373 2939 534 3018 valetudo
549 2938 726 3038 contingat
739 2943 888 3030 abunde,
1006 2915 1008 2918 .

84 3043 129 3118 Et
146 3042 296 3112 mundus
312 3039 433 3126 victus,
457 3063 529 3110 non
545 3039 723 3116 deficiente
739 3042 913 3118 crumenis.
1029 3045 1033 3050 ’

135 3197 197 3271 mr
213 3201 325 3308 bonus
339 3211 404 3308 est,
421 3194 479 3295 qui
492 3173 640 3294 prodest,
658 3197 781 3296 quibus
793 3218 916 3296 potest,
928 3223 1030 3279 nocet

86 3317 201 3374 autem
222 3315 360 3370 nemim.
