2404 3914
129 489 1083 586 quisumreueriChristiani.-Hae³cestsummaeorunl
1123 557 1125 564 s

127 587 277 659 erroris:
305 587 414 658 solent
429 605 517 658 stato
533 587 602 657 die
620 605 698 658 ante
719 583 844 660 lucem
875 589 1078 662 convenire·

130 681 341 780 carmenque
375 687 565 767 Crttusro,
590 685 687 780 quasi
703 688 800 770 Duo,
828 687 945 756 dicere·
965 641 1084 760 secuti

131 781 296 852 invicem:
310 805 415 876 seque
431 800 654 870 sacramenm,
671 805 742 854 non
758 785 794 853 in
807 783 918 854 scelus
930 786 1082 879 aliquod,
1188 763 1189 854 Ῐ

132 881 503 975 obstrittgera³sed·ne
519 879 619 964 furta,
646 905 691 950 ne
719 873 902 964 latrocinia,
929 895 974 952 tte
989 883 1084 979 adjul-

135 973 446 1059 teriaoommittam,
472 978 631 1047 neftdem
642 977 777 1048 fallant:
796 980 1082 1074 quibusperactiS‚

135 1097 213 1162 mos
243 1071 309 1144 illis
339 1073 535 1146 discedendi
567 1092 627 1159 est,
655 1095 840 1171 rursusque
873 1077 1018 1147 c'oeundi
1040 1073 1084 1146 ad

136 1169 1083 1270 capiendumc'ibum,promiscuumtamen,etinnoxium.
1188 1209 1189 1232 t

137 1267 242 1342 Multi
254 1269 366 1340 omnis
378 1270 767 1354 aetatis,omnisottlinis‚
787 1272 962 1366 utriusque
979 1272 1086 1344 sextis
1188 1301 1189 1306 ¹

137 1367 254 1450 etiam,
276 1366 493 1438 vocantur-in
509 1362 712 1484 periculum.
732 1369 734 1374 ’
761 1370 886 1464 Neque
897 1369 989 1456 enim
1006 1367 1086 1442 clvi·

139 1481 222 1536 tates
234 1465 389 1552 -tanttlm,
405 1463 465 1538 sed
491 1485 584 1564 vicos
600 1467 701 1536 etiam
723 1484 825 1561 atque
852 1491 953 1563 agros
969 1475 1087 1561 super·
1188 1477 1189 1546 Q

138 1561 278 1632 stitionis
293 1563 387 1634 istius
404 1563 562 1658 contagio
578 1581 759 1660 pervagata
774 1581 835 1634 est.
886 1563 992 1635 Certe
1008 1565 1087 1636 satis

139 1677 282 1747 constat,
307 1683 415 1754 prope
428 1663 500 1757 jam
515 1678 631 1732 nostra
645 1685 718 1732 esse
734 1661 883 1732 desolata
898 1660 1036 1755 templa,
1054 1679 1089 1734 et
1188 1709 1189 1756 7

101 1756 109 1770 '
138 1757 234 1836 sacra
248 1759 413 1828 solemnia
423 1754 488 1828 uio
503 1757 691 1836 intermissa
713 1781 796 1843 esse,
822 1775 858 1830 et
873 1757 1088 1830 victimarum
1188 1771 1189 1778 ’

139 1855 348 1926 ratissimum
370 1873 537 1928 emtotsm
577 1856 734 1929 moeniti.
764 1855 865 1929 ·Visa
909 1873 960 1928 est
982 1856 1088 1955 igitur
1188 1877 1189 1944 ξ

139 1953 225 2023 milu
241 1977 294 2024 res
305 1954 409 2052 tiigrn
423 1953 682 2035 consultatione.

143 2100 276 2172 Cervus
286 2125 431 2199 equum,
444 2099 563 2198 pugni
576 2100 710 2189 melior,
727 2097 967 2174 communibus
976 2099 1092 2174 herbis

141 2192 314 2286 Pellebat:
343 2200 452 2272 donec
469 2201 581 2272 minor
597 2199 634 2272 in
650 2197 833 2272 certamine
849 2199 954 2296 longo
1091 2193 1108 2206 ”

142 2294 340 2390 Implorauit
355 2297 439 2392 opes
452 2294 615 2384 hominis,
637 2295 856 2392 fraenumque
867 2291 1005 2392 recepit.

143 2393 212 2466 Sed
234 2393 418 2494 postquitm
434 2395 542 2468 victor
563 2393 695 2466 violens
709 2388 857 2464 discessit
873 2395 916 2464 ab
933 2393 1044 2482 hoste,

143 2491 228 2562 Non
244 2493 394 2588 equitem
411 2491 524 2576 dorso,
551 2515 623 2562 non
635 2485 784 2562 lraenum
801 2489 930 2586 depulit
946 2517 1017 2564 ore.

145 2587 201 2665 Sic
218 2589 288 2683 qui,
315 2589 512 2686 pauperiem
523 2587 661 2672 veritus,
686 2587 817 2684 potiore
829 2587 972 2662 metallis

144 2685 316 2762 Libertate
332 2703 434 2769 caret,
460 2685 642 2758 dominum
655 2685 763 2780 vehet
776 2687 966 2800 improbus,
992 2704 1095 2783 atque
1188 2713 1189 2740 ἢ

143 2782 276 2860 serviet
292 2781 474 2869 aeternitm,
501 2781 582 2880 quia
596 2809 702 2880 parvo
717 2801 842 2857 nesciet
858 2785 920 2858 uti.

1187 2855 1189 2882 l

196 2933 304 3025 Apud
320 2931 587 3027 Xenophontem
600 2931 749 3003 moriens
767 2934 880 3027 Cyrus
896 2931 1005 3026 major·
1021 2929 1097 3002 haec

148 3026 253 3098 dicit:
288 3030 405 3100 Nolite
422 3030 584 3112 arbitrari,
605 3032 640 3099 Ο
659 3027 742 3098 mihi
758 3028 918 3098 carissimi
936 3027 1006 3114 lilii,
1026 3053 1093 3112 me,

148 3125 234 3196 etim
247 3124 268 3195 it
280 3127 377 3196 vobis
387 3127 580 3210 discessero,
596 3150 778 3219 nusquam,
791 3146 850 3197 aut
862 3126 998 3197 nullum
1007 3125 1094 3196 fore.
1188 3131 1189 3208 l

147 3221 224 3292 Nec
241 3223 345 3312 enim,
370 3224 455 3294 dum
471 3247 565 3322 eram
585 3222 776 3318 vobiscum,
801 3223 954 3296 animum
978 3245 1097 3294 meum

148 3317 334 3392 videbatis:
361 3322 421 3392 sed
455 3317 548 3392 eurn'
568 3311 640 3390 esse
662 3321 698 3391 in
730 3320 796 3391 hoc
814 3347 967 3416 corpore,
995 3346 1039 3390 ex
1056 3319 1096 3388 iis

148 3417 261 3502 rebus,
281 3441 364 3511 quas
380 3421 551 3513 gerebam,
566 3417 810 3514 intelligebatis.
861 3419 1020 3489 Eundem
1037 3415 1097 3514 igi-

150 3529 207 3584 tur
223 3539 294 3588 esse
312 3517 484 3600 creditote,
511 3515 640 3589 etimusi
655 3515 791 3588 nullum
804 3514 970 3588 videbitis.

1184 3649 1189 3706 l
