2404 3914
603 299 657 393 69

144 503 258 575 Nocte
271 505 357 600 pluit
373 505 458 594 toti,
475 508 622 579 redeunt
637 506 830 602 spectacula
845 530 967 580 manet

140 649 146 656 -
197 603 356 676 Divisum
372 605 555 700 imperium
573 629 654 676 cum
670 607 755 678 Jove
768 607 886 676 Caesar
898 606 1012 676 habet.

137 750 145 764 ⁴
196 753 280 844 Non
295 777 412 848 solfrm
430 805 476 850 ex
491 776 588 850 malis
616 778 755 849 minima
788 795 923 872 oportet
950 761 1086 874 eligere,

146 870 316 952 sedetiam
330 899 515 970 excerpere
528 901 573 947 ex
589 876 641 946 his
657 876 746 969 ipsis,
762 876 789 946 si
807 875 890 970 quid
906 875 983 946 insit
992 875 1086 946 boni.

147 1049 442 1147 Raraquidemest
450 1055 674 1150 virtus,quam
684 1076 756 1124 non
764 1051 1089 1148 fortrmagubemet,

198 1151 289 1243 Quae
310 1169 446 1223 maneat
461 1153 581 1238 stabili,
597 1153 682 1225 clun
698 1150 787 1248 fugit
803 1152 870 1236 illa,
890 1151 989 1247 pede.

195 1329 327 1400 Inventi
338 1347 419 1402 suut
431 1330 540 1417 multi,
553 1331 612 1428 qui
625 1355 696 1402 non
709 1331 815 1402 modo
826 1329 1016 1425 pecuniam,
1029 1329 1090 1400 sed

147 1422 248 1496 etiam
264 1427 378 1512 vitam,
406 1455 470 1526 pro
488 1429 594 1525 patriai
611 1429 820 1523 profundere
837 1429 941 1524 parati
959 1443 1069 1498 essent
1075 1454 1088 1515 3
1189 1512 1192 1516 ,

74 1611 77 1618 ¹
146 1519 248 1596 iidem
270 1525 389 1621 gloriae
405 1529 572 1622 jacturam
583 1551 626 1595 ne
638 1527 814 1596 minimam
824 1527 964 1619 quidem
979 1523 1091 1594 facete

146 1619 284 1704 vellent,
304 1624 405 1692 etiam
422 1622 598 1716 republici
610 1623 813 1716 postulante.
865 1624 917 1692 Ut
931 1619 1092 1691 Callicra-

144 1714 241 1800 tidas,
250 1718 310 1812 qui
321 1719 406 1789 cum
419 1719 762 1788 Lacedaemoniorum
775 1719 850 1788 dux
861 1715 980 1788 fuisset
992 1715 1092 1786 Pelo·

145 1814 352 1906 ponnesiaco
399 1815 502 1899 bell0‚
540 1815 717 1911 multaque
762 1813 896 1885 fecisset
939 1811 1088 1910 egregie,

144 1910 246 1981 vertit
270 1912 313 1981 ad
346 1930 541 1982 extremum
575 1912 699 1996 omnia,
735 1913 819 1982 cum
852 1909 992 2006 consilio
1020 1928 1094 1980 non

144 2007 256 2100 paruit
285 2033 416 2094 eorum,
448 2009 507 2104 qui
533 2011 720 2080 suadebant
735 2001 778 2080 rie
796 2009 900 2080 classe
917 2007 1092 2078 dimicaret
1195 2085 1196 2092 χ

147 2126 227 2174 cum
245 2105 529 2192 Atheniensibus3
556 2107 680 2200 quibus
699 2106 758 2179 ille
772 2104 963 2199 respondit:
983 2107 1088 2172 Lace·

147 2197 344 2287 demorsos,
365 2204 469 2276 classe
484 2203 543 2274 illi
560 2202 692 2296 amissi,
708 2202 807 2272 aliam
830 2224 948 2294 parare
970 2223 1086 2296 posse3
1195 2241 1196 2244 =

147 2318 183 2369 se
195 2296 317 2396 fugere
334 2300 405 2371 sine
422 2325 485 2371 suo
496 2299 665 2371 dedecore
678 2324 749 2369 non
766 2323 874 2393 posse.

146 2487 272 2586 Vipera
296 2490 537 2583 Cappadocem
555 2490 724 2560 malesana
741 2486 925 2561 momordit
931 2516 942 2578 3
969 2503 1002 2562 at
1019 2487 1090 2584 ipsa

200 2590 349 2658 Gustato
366 2586 463 2680 periit
480 2585 644 2682 sanguine
661 2586 884 2682 Cappadocis.

194 2765 376 2860 Elephanti
388 2767 482 2862 jussa
503 2763 641 2850 faciunt,
661 2768 776 2838 leones
788 2756 913 2864 jugum
931 2769 1088 2849 subeunt,

145 2864 181 2934 in
193 2863 277 2934 mari
294 2863 391 2934 vituli
405 2863 608 2953 mitescunt3
626 2865 824 2937 hirundines
835 2864 960 2933 vetitet
975 2885 1089 2935 mures

144 2961 307 3033 indociles
322 2978 411 3034 sunt.

466 3136 567 3206 Juvat
587 3135 636 3205 ire
648 3129 784 3228 periclis

145 3229 1086 3319 Addecuszetdextraimemorandumconderenomen3

147 3327 260 3424 Quale
293 3328 384 3402 dedit
417 3353 594 3427 nunquam
626 3332 728 3404 rebus
756 3328 895 3404 fortuna
921 3328 1086 3406 secundis.
