2404 3914
566 232 650 350 71'

122 463 1065 564 aitCallimachusmultosoepiirslacrymfissePriamum,

123 566 242 662 quam·
258 565 510 636 Troilum.--—
533 567 730 658 Quaveno
753 583 835 639 aetas
865 565 968 665 longa
995 566 1071 640 est?

121 685 184 736 aut
192 663 276 758 quid
287 662 416 734 homini
428 663 572 760 longum
583 662 596 733 i
608 666 736 734 Nonne
752 682 907 736 senectus
920 684 1071 738 amacura

123 777 173 832 est
217 761 323 831 modo
362 785 499 855 pueros,
541 762 647 832 modo
680 763 935 835 adolescentes?
962 763 1071 858 Apud

123 857 297 954 Hypanim
331 858 485 940 fluvium,
537 858 597 953 qui
634 861 677 931 ab
722 861 872 952 Europae
909 877 1004 954 parte
1035 862 1073 934 in

124 955 275 1026 Pontum
297 955 416 1037 influit,
430 953 648 1046 *Aristoteles
671 957 715 1027 ait
734 958 892 1027 bestiolas
908 959 1075 1054 quasdam

125 1053 227 1136 nasci,
248 1079 326 1149 quae
344 1075 453 1123 unum
464 1052 554 1124 diem
564 1054 687 1125 vivant.
714 1055 772 1126 Ex
788 1054 841 1125 his
857 1055 970 1150 igitur,
996 1077 1076 1149 quae

125 1149 213 1240 horo
240 1150 360 1224 octavi
387 1167 522 1220 mortua
544 1167 605 1234 est,
624 1150 786 1246 provecta
811 1170 909 1224 aetate
939 1171 1077 1224 mortua

57 1284 61 1291 *
125 1266 193 1319 est:
212 1273 291 1344 quae
307 1248 392 1319 vero
411 1247 587 1319 occidente
604 1250 687 1334 sole,
707 1249 887 1344 decrepita.
941 1247 1075 1323 Confer

128 1364 280 1417 nostram
315 1345 546 1443 longissimam
588 1363 723 1418 aetatem
765 1373 845 1420 cum
877 1348 1077 1434 aeternitate,

124 1445 335 1538 reperiemur
357 1444 394 1516 in
406 1443 528 1515 eidem
545 1446 718 1528 brevitate,
739 1445 808 1541 quit
824 1446 892 1519 illae
909 1445 1073 1518 bestiolae.

122 1613 212 1686 flaec
226 1615 311 1684 Rufi
324 1605 439 1685 tabula
450 1613 520 1686 est?
542 1615 603 1686 Nil
615 1614 739 1685 verius.
765 1615 851 1708 lpse
864 1613 923 1685 ubi
937 1611 1079 1684 Rufus?

174 1711 215 1782 ln
226 1709 399 1782 cathedri.
426 1711 522 1803 Quid
532 1711 625 1814 agit?
643 1715 732 1796 Hoc,
745 1713 840 1807 quod
851 1727 884 1782 et
900 1710 935 1780 in
948 1708 1075 1782 tabulfi.

178 1889 549 1963 Noctuambulabatiu
562 1889 701 1985 publico
717 1891 976 1976 Themistocles,
990 1890 1076 1963 cum

127 2001 674 2159 {oontolotllzootl
692 1991 1079 2179 qtnttolottpot:
1127 2003 1132 2012 ”

130 2248 251 2320 Multis
267 2266 359 2322 casta
373 2249 451 2322 licet
463 2273 572 2334 mens,
591 2267 624 2320 et
641 2249 713 2320 sine
726 2246 867 2319 crimine
879 2261 1012 2320 constet

129 2343 218 2430 Vita,
234 2363 348 2419 tamen
365 2347 516 2442 probitas
538 2371 619 2419 cum
630 2361 829 2442 paupertate
840 2344 976 2440 jacebit.

178 2516 275 2590 Cum
293 2514 420 2588 Canius
442 2515 538 2596 Iulus
553 2539 634 2588 cum
657 2514 742 2586 Caio
763 2516 900 2594 Caesare
918 2513 1077 2612 Caligula

131 2613 189 2686 diu
206 2613 385 2684 altercatus
399 2610 527 2696 fuisset,
542 2612 679 2684 abeunti
696 2615 882 2707 Imperator
900 2613 1002 2700 dixit3
1018 2617 1078 2690 Ne
1198 2701 1199 2704 Ἴ

130 2709 221 2783 forte
238 2709 360 2804 ineptit
385 2733 445 2803 spe
469 2709 529 2780 tibi
557 2710 747 2795 blandiaris,
765 2713 807 2782 ad
825 2712 1028 2806 supplicium
1042 2729 1077 2782 te

131 2809 211 2881 duci
219 2807 315 2905 jussi,
367 2805 514 2893 Gratias,
533 2805 652 2904 inquit,
666 2833 743 2906 ago,
762 2810 891 2903 optime
908 2807 1075 2902 princeps.

131 2905 265 2978 Decem
282 2906 353 2980 dies
380 2929 489 3003 usque
506 2907 549 2980 ad
566 2906 770 3000 supplicium
786 2905 857 2976 sine
875 2903 947 2975 ulto
968 2905 1077 2977 solici-

131 3004 249 3076 tudine
276 3003 401 3099 exegit.
453 3004 523 3074 Vix
547 3007 641 3075 credi
671 3019 790 3097 potest,
822 3022 900 3096 quae
929 3001 982 3072 vir
1018 3001 1077 3078 ille

133 3100 269 3186 dixerit,
292 3125 370 3195 quae
390 3097 518 3183 fecerit,
549 3100 655 3194 quern
691 3101 727 3167 in
757 3099 939 3192 tranquillo
961 3097 1074 3175 fuerit.

133 3197 289 3270 Ludebat
302 3197 510 3279 latrunculis,
529 3198 614 3270 cum
633 3196 799 3274 Centurio
813 3221 938 3292 agmen
952 3198 1076 3290 peritu-

132 3318 254 3370 rorum
282 3295 429 3383 trahens,
464 3311 499 3372 et
517 3293 626 3370 ›illttm
661 3318 800 3396 quoque
836 3296 930 3374 citari
966 3298 1075 3392 jubet·
