2398 3926
166 422 548 521 statsnacniqnediee3
575 427 681 500 breve
690 439 724 496 et
732 419 947 518 irreparabile
957 323 1178 520 temps&

168 523 339 606 Omnibus
356 541 406 600 est
432 523 530 614 vitae3
557 523 619 598 sed
634 520 763 596 famam
777 519 962 598 extendere
976 517 1085 608 factis,

165 622 244 696 Hoc
260 620 392 696 uirtutis
408 645 507 718 opus.

213 784 310 858 Nihil
331 784 480 869 interest,
505 783 608 856 animi
628 799 725 854 motu
748 781 893 864 sublato,
921 803 991 850 non
1030 773 1108 852 dico

164 881 251 956 inter
277 883 445 978 pecudem
472 898 506 954 et
526 881 712 976 hominem,
741 879 801 949 sed
823 877 910 947 inter
931 877 1107 950 hominem

164 997 197 1156 Et
218 1003 351 1065 saxum,
370 997 428 1096 aut
444 995 620 1063 truncum,
640 994 699 1048 aut
721 973 855 1076 quidvis
871 974 1005 1072 generis
1022 975 1108 1072 ejus-

188 1101 256 1150 em.

498 1198 621 1270 Nuces
639 1196 772 1272 Pineoe.

163 1369 269 1444 Poma
278 1394 397 1440 sumus
408 1369 555 1466 Cybeles
569 1394 578 1442 :
603 1366 724 1464 procul
738 1368 816 1444 hinc
827 1367 975 1456 discede,
985 1367 1105 1452 viator,

211 1469 267 1538 Ne
283 1467 380 1538 cadat
396 1467 432 1538 in
448 1466 611 1540 miserum
628 1483 743 1538 nostra
760 1467 857 1538 ruina
873 1484 986 1564 caput.

213 1649 419 1744 Vespasiani,
441 1650 529 1719 inter
556 1668 668 1720 cetera
692 1651 794 1733 bona,
824 1650 911 1720 illud
936 1648 1106 1746 singulare

133 1748 239 1832 'inin
266 1745 454 1818 inimicitias
478 1744 651 1818 oblivisci:
678 1745 767 1818 aden
795 1763 833 1820 ut
850 1747 976 1820 Vitellii
1000 1747 1110 1822 hostis·

162 1847 216 1920 sui
266 1844 370 1918 filiam
416 1841 678 1936 locupletissime
723 1843 898 1932 dotaverit,
949 1862 983 1918 et
1031 1845 1106 1922 rito

166 1941 434 2038 splendidissimo
450 1941 486 2010 in
503 1940 757 2015 matrimonium
769 1941 914 2021 dederit.
963 1944 992 2016 F
991 1945 1107 2018 erebat

168 2063 318 2208 quoqu}
333 2039 497 2136 patienter
523 2039 756 2125 contumelias,
780 2041 875 2116 dictis
897 2041 1107 2138 jocularibus

162 2161 283 2232 respon
310 2161 379 2208 ens.
1067 2169 1071 2180 ·

164 2300 262 2377 Rura
306 2325 444 2396 quoque
487 2302 659 2376 oblectent
702 2296 844 2382 animos,
886 2298 1113 2396 studiumque

309 2395 465 2470 colendi:

211 2495 384 2592 Quaelibet
400 2491 480 2564 huie
498 2518 590 2564 curae
607 2491 728 2564 cedere
744 2507 826 2564 cura
841 2509 962 2590 potest.

153 2671 164 2688 ‘
209 2666 250 2736 P.
275 2663 450 2748 Claudius,
473 2662 565 2733 bello
589 2662 718 2735 Punico
740 2664 862 2758 prim0,
875 2666 981 2738 ¹cum·
1000 2631 1103 2740 caret

160 2761 291 2836 liberati
308 2761 392 2858 pulli
404 2785 475 2834 non
491 2778 718 2854 pascerentur,
731 2764 840 2860 mergi
852 2789 912 2836 eos
926 2763 963 2836 in
979 2787 1104 2860 aquarn
1184 2797 1188 2844 ι

157 2860 263 2956 jussit,
283 2876 321 2936 ut
336 2859 500 2944 biberent,
519 2859 681 2956 quoniam
697 2884 769 2934 esse
787 2860 928 2932 nollent.

163 3024 256 3094 Nam
273 3020 377 3091 veluti
394 3019 490 3116 pueri
505 3020 686 3114 trepidant,
703 3036 805 3114 atque
821 3019 935 3092 omnia
951 3025 1050 3098 caecie

158 3123 204 3198 ¹ln
219 3113 367 3192 tenebris
382 3135 563 3190 metuunt:
594 3116 641 3188 si'c
659 3141 722 3188 nos
737 3118 773 3190 in
786 3117 863 3190 luce
878 3120 1037 3196 timemus

163 3215 340 3292 Interdum
357 3214 462 3288 nihilo
475 3237 554 3310 quae
567 3231 646 3289 sunt
663 3217 844 3289 metuenda
859 3219 976 3316 magis,
996 3223 1102 3316 quim

160 3316 257 3408 Qun
268 3311 410 3408 pueriiu
420 3311 565 3391 tenebris
575 3310 966 3416 pavitant,nretnuntqu'e
975 3317 1102 3402 futura.
