2404 3914
430 319 439 326 N
595 241 653 338 δι’

191 461 282 548 Eum
297 396 388 559 luns,
417 460 476 556 qui
503 476 603 532 aetate
626 457 746 547 anteit,
771 463 935 558 tanquam
958 459 1094 558 superi·

139 583 239 632 orem
255 561 368 632 colere
383 560 562 631 debemus.

140 703 389 798 Desinat'elatis
407 725 587 820 quisquam
604 723 777 824 confidere
793 727 915 812 rebus3
962 781 967 790 .

142 824 271 938 Omnia
288 841 517 938 mors'xaequat.

195 988 415 1071 Xenocrates,
435 1011 518 1061 cum
538 986 639 1084 legati
654 989 698 1058 ab
707 985 911 1064 Alexandro
929 983 1093 1100 quinqua·

123 1087 237 1182 ginta
280 1086 316 1158 ei
344 1086 468 1156 talenta
500 1085 697 1172 attulissent,
733 1111 812 1180 quae
845 1084 989 1180 pecunia
1022 1096 1100 1156 erat'

144 1184 294 1255 maxima
321 1184 531 1277 temporibus
574 1182 650 1267 illis,
701 1182 844 1254 abduxit
877 1181 1019 1295 legatos
1051 1182 1095 1254 ad

144 1282 294 1352 coemm
309 1281 344 1352 in
372 1281 633 1365 academiam,
624 1282 732 1378 iisque
757 1279 945 1376 apposuit
941 1296 1094 1354 tantum

143 1381 238 1474 quod
255 1380 333 1452 satis
349 1397 444 1464 esset,
458 1380 556 1450 nullo
579 1398 753 1476 apparatu.
806 1380 903 1452 Cum
932 1377 1094 1478 postn'die

144 1496 310 1573 rogarent
318 1504 411 1564 eum,
447 1478 502 1549 cui
528 1479 700 1548 numemri
732 1477 912 1570 pecuniam
939 1481 1091 1574 juberet:
1194 1531 1195 1552 ι

147 1575 261 1667 Quid?
281 1599 344 1666 vos
371 1573 539 1657 hesterna,
576 1575 701 1669 inquit,
730 1574 871 1645 coenulfi.
894 1599 969 1648 nun
996 1573 1093 1644 intel·
1194 1573 1195 1588 ³

120 1657 341 1752 ,lenissime
358 1672 502 1766 pecunii
519 1696 590 1741 nou
606 1670 733 1766 egere?
882 1684 885 1702 ¹
1189 1690 1192 1699 “

113 1805 117 1812 ¹
146 1835 278 1906 Littora
294 1832 426 1904 nativos
442 1858 504 1928 per
520 1831 556 1904 s'e
566 1833 647 1904 dant
659 1833 748 1928 picta
759 1833 909 1930 lapillos:

194 1935 240 2004 Et
252 1931 409 2005 volucres
426 1931 521 2002 nulli
534 1931 672 2004 dulcius
689 1951 760 2004 arte
770 1951 907 2006 canunt.

193 2097 247 2167 Fu
263 2095 376 2168 nescio
389 2122 458 2190 quo
471 2115 582 2190 pacto,
598 2114 635 2168 ut
648 2090 755 2210 magis
767 2097 802 2166 in
819 2077 889 2168 aliis
903 2122 1091 2184 cernamus,

146 2192 269 2290 siquid
286 2193 504 2290 delinquitur,
524 2219 630 2290 quam
646 2195 682 2264 in
698 2195 889 2266 nobismet
879 2194 969 2290 tpsis.

146 2365 281 2438 Vivitur
298 2367 424 2463 exiguo
438 2367 580 2452 melius;
571 2389 637 2434 ·na
638 2382 714 2435 tura
730 2364 837 2436 beatis
899 2441 903 2449 ,
931 2411 934 2415 -
1039 2408 1040 2416 1

149 2449 325 2536 Omnibus
338 2489 409 2535 esse
422 2463 571 2550 dedit,'
546 2489 573 2533 st
586 2462 662 2558 quis
675 2462 875 2558 cognoverit
892 2461 952 2539 uti.

196 2635 372 2736 Diogenes
386 2587 588 2704 Alexnndro
605 2634 748 2730 roganti,
762 2654 803 2706 ut
819 2636 988 2709 diceret
961 2663 989 2709 st
1012 2616 1097 2734 quid

148 2733 211 2806 sibi
224 2757 311 2826 opus
328 2747 414 2802 esset
415 2733 621 2826 ‚responditz
640 2735 933 2850 Nuncquidemp
935 2735 1095 2814 aululutn
1194 2779 1195 2802 ι

149 2831 258 2903 asole
275 2830 373 2902 absis
418 2827 615 2902 Offecerat
628 2832 827 2905 videliceta
852 2831 995 2903 ricanti.
1031 2835 1096 2907 His
1194 2857 1195 2864 ’

148 2928 279 3012 auditis
295 2929 510 3000 Alexander:
528 2929 603 3001 Nisi
621 2932 820 3002 Alexander
808 2859 983 3016 issem,
973 2933 1092 3032 mquit,
1194 2925 1195 3004 l

87 3025 96 3032 “
128 3053 132 3060 ·
149 3027 293 3099 libenter
309 3051 416 3096 essem
434 3027 621 3122 Diogenes,
1194 3035 1195 3078 ἓ

150 3200 186 3273 Si
199 3223 358 3272 numeres
375 3223 465 3269 anno
478 3195 566 3270 soles
583 3217 617 3271 et
625 3200 742 3294 nubila
758 3217 843 3288 toto,

100 3327 106 3338 ·
200 3297 353 3415 Invenies
366 3297 511 3371 nitidum
529 3299 657 3393 sepius
672 3296 738 3374 isse
755 3297 864 3374 diem.¹
