2398 3926
534 203 595 282 tt

151 407 247 480 Cum
274 405 339 477 sint
365 405 436 476 duo
458 367 584 502 getiera
612 401 817 488 decertandi,
846 428 956 477 unum
982 387 1042 502 per

100 501 385 597 disceptationem,
403 501 549 573 alterum
565 501 730 596 pervim:
765 500 850 572 illud
864 504 1042 598 proprium

96 598 243 672 hominis
258 617 318 686 est,
337 601 404 672 hoc
419 599 622 674 belluarum.
673 601 791 692 Quare
806 599 884 670 ideo
900 601 1038 672 tantum

90 695 189 811 ¹bella
216 693 427 818 suscipienda
455 713 544 782 sunt,
581 713 619 768 ut
648 695 719 767 sine
746 695 868 792 injuria
893 697 930 768 in
958 723 1041 792 pace

96 793 239 866 vivatur.
288 794 390 866 Parti
410 811 524 876 autem
545 791 698 877 victoria,
723 791 946 866 conservandi
960 813 1040 867 sunt

12 979 15 988 Ι
96 890 119 962 ii
120 890 201 990 ,qui
215 915 287 963 non
297 891 470 964 crudeles
462 915 497 961 ιιι
510 891 613 975 bello,
621 914 693 960 non
702 890 875 975 immanes,
886 889 1038 964 luerunt.

92 989 153 1062 'Sic
176 989 326 1060 Romani
348 989 500 1076 Sabinos,
530 989 678 1081 AEquos,
702 989 857 1075 Volscos,
881 988 980 1059 etiam
1002 988 1039 1060 in

96 1085 265 1158 civitatem
281 1103 500 1182 acceperunt:
528 1102 562 1156 at
576 1087 658 1158 Cart
645 1084 819 1182 thaginem
834 1102 868 1157 et
884 1087 1040 1159 Numan·

96 1183 178 1256 tiam
192 1181 347 1285 funditus
362 1183 582 1256 sustulerunt.

311 1337 499 1412 Pruna
526 1285 760 1410 Damuscetro.

95 1485 211 1558 Pruna
226 1484 414 1582 peregrinae
431 1484 519 1556 carie
536 1508 661 1580 rugosa
677 1499 821 1556 senectae
931 1559 940 1570 ,

51 1629 57 1646 ·
144 1586 272 1658 Sume.
287 1583 406 1656 solent
422 1583 499 1654 duri
516 1583 647 1653 solvere
663 1581 790 1654 ventris
805 1605 903 1677 onus.

143 1728 385 1802 Exercendum
402 1745 451 1800 est
476 1753 610 1842 corpus,
631 1746 664 1800 et
689 1729 735 1799 ita
752 1728 1035 1841 efficiendumut

95 1825 233 1898 obedire
254 1819 404 1908 consilio,
431 1825 619 1918 rationique
644 1826 748 1917 possit
770 1825 806 1895 in
827 1829 1036 1922 exequendis

94 1921 248 2020 negotiis,
267 1940 300 1993 et
316 1923 351 1992 in
368 1922 483 1992 labore
499 1921 688 1990 tolerando.

95 2065 411 2154 nundinarium
427 2064 625 2137 confidere:
654 2090 744 2160 saepe
763 2065 900 2162 Cupido

141 2165 234 2238 Huic
251 2165 361 2237 malus
377 2188 448 2236 esse
465 2162 563 2250 solet,
577 2163 632 2235 cui
649 2166 767 2253 bonus,
778 2163 856 2236 ante
873 2163 949 2238 fuit.

142 2312 204 2392 Ille¹
219 2309 379 2408 peccavit,
401 2310 461 2406 qui
476 2309 561 2382 cum
582 2309 867 2406 trigintazdierum
885 2311 1033 2396 induciae
1071 2333 1078 2346 ·
1122 2365 1131 2379 ,

94 2425 203 2482 essent
224 2427 332 2503 pactae
352 2432 435 2488 cum
456 2408 564 2492 hoste,
588 2424 690 2478 nocte
712 2409 937 2503 populabatur
960 2414 1033 2507 ejus

93 2529 209 2602 agros:
245 2505 342 2599 qubd
375 2503 561 2616 inquiebat*
579 2504 712 2578 dierum
744 2505 890 2580 induciae
922 2525 1030 2604 pactae

93 2619 214 2689 essent,
232 2624 303 2674 non
318 2617 482 2673 noenum.
534 2644 558 2696 g

95 2761 129 2830 0
147 2756 283 2836 miseras
298 2746 477 2828 hominum
497 2755 649 2826 mentes!
700 2757 735 2826 O
753 2775 890 2849 pectora
906 2759 1017 2833 caeca!

94 2852 289 2948 Qualibus
278 2875 315 2923 ιιι
331 2851 476 2922 tenebris
491 2851 579 2938 vitae,
598 2853 799 2947 quantisque
816 2851 950 2970 periclis

92 2951 241 3049 Degitur
257 2951 324 3024 hoc
340 2947 422 3024 aevi!
950 2981 958 2993 ·

141 3095 238 3168 Nihil
260 3109 320 3178 est,
338 3117 421 3184 ιιοιι
435 3088 577 3166 dic'am
567 3117 603 3166 m
626 3094 774 3181 homine,
794 3095 885 3167 sed'
875 3119 911 3166 m
933 3097 1027 3170 omni

87 3194 184 3268 -coelo
200 3201 301 3286 atque
319 3191 421 3275 terra,
434 3191 563 3263 ratione
578 3192 734 3279 divinius,
745 3217 836 3314 quae,
848 3194 934 3266 ctlm
950 3197 1030 3266 ado-

93 3291 172 3366 levit
188 3307 289 3384 atque
309 3287 459 3386 petfecta
480 3288 834 3374 eunomiumne
857 3290 1025 3388 sapientia·
