2404 3914
586 249 660 354 os,

138 461 256 553 thue
272 455 495 529 reformidant
511 399 683 530 insuetum
699 456 829 533 lumina
840 459 962 533 solem:

184 557 241 628 Sic
258 557 302 648 ad
315 553 465 628 laetitiam
481 580 580 628 mens
597 580 674 628 mea
689 556 803 653 segnis
820 557 892 628 erit.

179 727 363 798 Timoleon
398 725 519 800 missus
549 726 570 798 d
608 726 794 800 Corinthiis
824 728 868 798 ad
899 725 1077 800 ferendam

133 851 235 921 opem
250 826 481 916 Syracusanis,
493 823 682 897 incredibili
698 823 855 898 felicitate
867 820 1076 922 Dionysium

132 922 205 994 toti
219 921 332 995 Sicilia
344 923 491 1018 depulit;
512 923 700 1006 civitatibus
713 924 805 1019 leges
818 924 1077 1018 libertatemque

131 1020 295 1109 reddidit;
330 1038 364 1092 et
400 1020 550 1091 maximo
590 1021 682 1092 bello
717 1038 850 1092 tantum
881 1019 988 1092 otium
1010 1020 1075 1092 toti
1194 1113 1195 1116 Ἴ

84 1154 106 1214 ss
131 1117 252 1190 insulae
279 1117 477 1202 conciliavit,
510 1136 549 1188 ut
573 1117 731 1189 conditor
773 1119 912 1190 urbiun'r
954 1119 1074 1190 earum

10 1293 12 1300 Α
129 1215 313 1286 videretur.
366 1217 463 1288 com
493 1215 591 1287 tantis
621 1233 708 1288 esset
738 1216 871 1312 opibus,
898 1235 937 1288 ut
972 1217 1073 1287 etiam
1140 1249 1144 1256 ¹

127 1311 241 1383 invitis
262 1313 430 1406 imperare
456 1331 588 1410 posset3
624 1329 757 1385 tantum
789 1334 904 1385 autem
933 1312 1075 1385 haberet

125 1431 279 1481 amorem
296 1411 451 1490 omnium
468 1410 676 1497 Siculorum,
702 1427 739 1481 ut
771 1412 869 1481 nullo
896 1428 1074 1482 recusante

124 1529 273 1604 regnum
291 1507 475 1597 obtineret3
500 1507 620 1581 maluit
640 1534 675 1580 se
697 1507 804 1605 diligi,
823 1507 932 1604 quim
953 1508 1073 1580 metui.

124 1605 257 1702 ltaque,
282 1607 365 1678 clim
391 1607 546 1702 primum
569 1606 691 1702 potuit,
708 1606 890 1701 imperium
903 1605 1071 1700 deposuit,

124 1720 159 1816 et
182 1703 331 1816 privatus
360 1704 547 1804 Syracusis,
563 1707 656 1802 quod
685 1703 858 1800 reliquum
882 1703 960 1776 vita
993 1700 1071 1791 fuit,

121 1819 217 1882 vuut

120 1956 181 2027 Nil
198 1957 347 2030 ninrium
359 1959 492 2041 studeo,
520 1959 648 2039 Caesar,
663 1953 722 2028 tibi
740 1958 828 2026 velle
846 1957 994 2050 placere,

126 2105 131 2116 ·
174 2055 251 2130 Nec
271 2057 355 2148 scire
373 2055 493 2126 utrum
510 2055 554 2124 sis
566 2054 677 2140 albus,
690 2077 734 2124 an
750 2070 839 2169 ater,
853 2055 968 2126 homo.

168 2213 340 2283 Habenda
377 2227 427 2281 est
465 2209 549 2280 ratio
580 2208 796 2282 valetudinis:
824 2209 991 2280 utendum
1019 2223 1070 2281 est

121 2309 416 2382 exercitationibus
433 2305 586 2380 modicis.

123 2467 216 2535 Rara
224 2467 361 2556 juvant3
377 2465 494 2560 primis
513 2463 559 2535 sic
578 2465 687 2560 major
701 2461 808 2559 gratia
823 2461 949 2555 pomis:

173 2562 349 2654 Hybernae
367 2564 515 2654 pretium
533 2563 579 2633 sic
593 2586 749 2632 meruere
759 2586 865 2670 prosae.

173 2715 420 2800 Diocletianus,
467 2721 588 2810 sponte
634 2715 793 2809 depositis
838 2714 1067 2814 imperialibus

114 2816 277 2903 fascibus,
293 2812 482 2908 inpropriis
499 2811 792 2907 agrisconsenuit.
868 2813 992 2904 Quum
1010 2813 1069 2882 ali·
1171 2839 1174 2848 ¹

6 2925 7 2928 ’
120 2916 258 3008 quando
284 2915 326 2984 ab
349 2911 513 3000 Herculio
539 2927 572 2979 et
604 2907 758 2979 Galerio·
782 2907 989 2980 excitaretur
1023 2909 1066 2980 ad

118 3009 352 3104 recipiendum
380 3009 572 3104 imperium,
613 3005 698 3075 illud
729 3023 892 3100 tanquam
935 3023 1067 3102 pestem
1139 3032 1141 3042 ·

121 3107 301 3192 detestans,
322 3110 390 3180 hoc
404 3107 593 3202 respondit:
609 3104 751 3176 Utinam
775 3105 910 3176 Salonas
922 3106 1066 3200 possetis

119 3204 227 3277 visere
260 3204 352 3274 olera
380 3207 502 3276 nostris
546 3203 701 3275 manibus
734 3203 877 3288 consita,-
906 3203 1064 3301 profecto
1111 3192 1117 3207 ¹

117 3325 295 3398 nunquam
306 3300 392 3373 illud
404 3305 603 3376 tentandum
613 3300 812 3396 judicaretis.
