2404 3914
553 218 605 292 52

155 421 238 491 Non
255 417 373 490 solum
389 435 507 515 gratus
523 417 625 490 debet
641 441 723 503 esse,
743 417 802 524 qpi
818 418 939 514 accipit
954 422 1056 492 bene-

99 515 234 624 ficium,
252 541 377 589 verum
387 516 490 588 etiam
506 516 545 602 is,
557 516 613 616 cui
622 533 769 612 potestas
771 513 967 614 accipiendi
977 517 1054 589 fuit.

253 733 336 816 Vos,
352 732 477 830 quibus
493 749 605 804 rector
623 729 723 804 maris
745 749 847 828 atque
863 750 962 806 terrae

255 833 316 906 Jus
332 831 429 903 dedit
423 855 607 928 magnum
623 829 716 903 necis
732 848 833 926 atque
849 831 939 914 vitae,

255 929 377 1002 Ponite
393 929 537 1015 inflatos,
552 929 772 1024 tumidosque
789 929 912 1000 vultus.

32 1203 38 1210 q
154 1115 287 1202 Porcia,
303 1115 414 1189 Marci
426 1118 567 1190 Catonis
577 1118 752 1190 Uticensis
767 1116 901 1206 filia,
861 1142 946 1190 cum
963 1119 1055 1214 apud

107 1206 283 1310 Philippos
303 1216 431 1286 victum
445 1236 477 1286 et
490 1217 710 1288 interemtum
728 1217 889 1288 maritum
911 1239 1055 1314 cognos

108 1331 220 1399 ceret;
250 1313 329 1408 quia
358 1311 500 1396 ferrum,
530 1314 626 1408 quod
652 1316 812 1408 poscebat
838 1313 881 1386 ad
907 1334 1055 1386 mortem

108 1413 170 1482 sibi
195 1407 418 1495 deferendam,
437 1423 510 1482 non
535 1409 691 1498 dabatur,
709 1409 865 1486 ardentes
889 1410 1056 1492 cnboses

107 1533 169 1582 ore
184 1507 319 1582 haurne
335 1531 408 1586 non
423 1506 600 1592 dubitant
1158 1515 1165 1532 ·

56 1709 60 1716 ’
108 1713 224 1787 Dente
239 1714 407 1787 timentur
424 1713 496 1809 apri
514 1741 526 1802 ς
553 1709 742 1786 defendunt
758 1735 889 1788 cornua
903 1737 1048 1788 cervos:

157 1813 317 1890 Imbelles
332 1814 454 1898 damae,
473 1811 567 1908 quid,
585 1811 650 1882 nisi
661 1812 791 1908 praeda,
807 1811 952 1923 sumus?

156 2039 304 2116 Athenis
327 2042 446 2114 Draco
468 2038 599 2138 primus
626 2040 719 2156 leges
745 2039 859 2127 edidit,
890 1986 1078 2141 sanguinei

98 2141 228 2242 ¹potius
243 2165 351 2239 quam
367 2156 554 2216 atramento
572 2138 723 2236 scriptas.
1070 2153 1073 2160 ·

5 2351 7 2376 '
107 2345 171 2424 Est
192 2346 286 2420 dun's
301 2345 431 2422 melius
445 2344 563 2418 studiis
578 2344 765 2444 lingenda
752 2361 926 2442 juventus,

155 2447 203 2530 Et
219 2471 316 2542 puers
307 2445 462 2520 discant
478 2468 596 2542 aspera
612 2443 720 2518 multa
735 2443 816 2539 pati.

78 2603 125 2640 2,
1062 2609 1064 2612 ,

67 2641 262 2747 '‘“3Pater
286 2651 397 2724 unicae
433 2651 514 2725 fihae
546 2649 816 2724 Themistoclem
849 2649 1058 2736 consulebat,

109 2750 232 2826 u'trum
255 2775 357 2824 eam
352 2748 508 2870 paupen‘,
535 2749 599 2822 sed
615 2750 764 2821 bono
733 2775 817 2832 vno,
847 2749 1054 2838 collocaret;

109 2875 155 2924 an
159 2849 342 2964 locupleti
358 2871 485 2945 parum
500 2849 657 2941 probato.
711 2844 805 2918 Cui
795 2870 852 2915 1s:
881 2843 1016 2931 Malo,'
1007 2870 1058 2917 m-

110 2947 194 3044 quit,
214 2949 336 3033 virum,
364 2946 423 3042 qui
439 2943 584 3042 pecunia
606 2959 715 3040 egeat,
735 2967 841 3038 quam
864 2943 1059 3040 pecuniam,

111 3071 191 3142 quae
207 3045 304 3118 viro,-

110 3225 252 3324 Etipere
268 3225 372 3298 vitam
388 3249 492 3298 nemo
508 3249 579 3297 non
595 3223 726 3299 homini
742 3240 866 3320 potest,

109 3332 159 3400 At
175 3349 278 3400 nemo
294 3340 464 3398 ιιιοιιειιιι.
490 3323 584 3397 mille
599 3324 644 3396 ad
660 3323 748 3449 hanc
765 3321 876 3394 aditus
891 3339 1019 3418 patent.
