2398 3926
69 572 201 647 Nil
175 595 246 646 sure
262 594 388 670 magno
405 569 473 644 vita
490 570 606 644 labore
623 571 715 644 dedit
731 563 947 652 mortalibus

54 709 58 716 ·
84 673 213 768 AEqua
228 671 334 770 tellus
341 695 480 767 paupert
470 669 692 753 recluditur,
705 689 895 768 regumque
914 660 1037 760 pueris.

483 833 591 908 Abrae
555 834 656 906 alive

85 996 231 1092 Spe*
198 997 355 1071 vivimus.

88 1094 177 1168 Cito
190 1098 277 1192 pede
285 1094 438 1190 praeterit
453 1109 544 1170 aetas.

87 1191 215 1264 Pastor
229 1192 379 1264 carmine
395 1193 523 1265 mulcet
539 1215 632 1264 oves.

89 1289 276 1384 Obsequio
293 1290 411 1362 dulces
423 1291 606 1363 vincuntur
622 1288 731 1361 amici.

85 1387 268 1482 Tempore
284 1411 363 1460 com
401 1388 511 1460 'scitur
524 1387 572 1459 ira
588 1388 739 1460 leonum.

87 1483 289 1557 Vincuntur
305 1487 400 1557 moli
415 1504 555 1581 pectora
566 1486 652 1600 dura
668 1508 780 1580 prece.

89 1581 213 1654 Ventis
234 1584 379 1698 agitatur
400 1583 524 1698 iugens
547 1583 944 1678 pinus·

91 1679 228 1766 Omnes
241 1689 259 1724 *
288 1681 405 1776 patriae
426 1681 519 1753 dulci
531 1697 732 1846 ιιιιίιιιιιιιιΛ
742 1701 898 1750 amore.

90 1759 290 1849 Deteriores
306 1785 446 1850 omnes*
467 1800 587 1849 sumus
626 1774 748 1851 centra.
797 1779 799 1784 ’

90 1874 219 1943 Veniet
234 1874 342 1944 tacito
355 1899 459 1946 curva
480 1891 614 1945 senecta
630 1875 727 1968 pede.

93 1969 230 2041 Divitiis
252 1970 351 2042 alitur
371 1995 478 2054 amor.
976 2027 988 2052 ,

94 2069 280 2160 Neptunus
302 2068 447 2141 tridente
463 2094 527 2140 suo
550 2087 675 2140 terram
689 2045 864 2164 percussit.
940 2089 952 2109 ⁶

94 2165 258 2259 Orpheus
274 2167 423 2238 carmine
441 2167 572 2264 sylvas
568 2185 602 2239 et
618 2191 701 2240 saxa
717 2169 860 2240 duxit..

1 2315 4 2321 -
95 2263 247 2335 Canibus
263 2265 415 2359 leporem
431 2265 616 2341 venaberis.

94 2361 234 2432 Desidia
253 2387 377 2456 corpus
397 2363 599 2458 animusque
621 2361 863 2456 corrumpitur.

1 2533 3 2540 s
94 2457 235 2530 Ferreus
251 2458 384 2530 assiduo
401 2463 614 2534 consumitur
633 2459 780 2530 annulus
797 2482 872 2530 usu.
932 2469 943 2479 ’“

96 2555 182 2626 Vino
198 2555 310 2627 forma
330 2556 426 2651 perit,
445 2558 525 2629 virro
544 2556 774 2652 corrumpitur
793 2575 886 2633 aetas,
967 2559 970 2564 ’

96 2654 343 2725 immedicabile
365 2645 491 2726 vulnus
512 2679 592 2726 ense
612 2653 833 2754 recidendum
852 2674 945 2730 est.

95 2752 242 2848 *Sperne
261 2751 477 2902 Voluptates.
500 2771 601 2889 nocet
619 2771 709 2828 emta
724 2756 844 2828 dolore
866 2755 1032 2896 voluptas

475 2879 583 3010 Ιιειιιι
534 2935 648 3010 larice.

98 3095 153 3166 Est
169 3093 292 3166 Deus
282 3107 318 3164 ιιι
333 3095 476 3181 mundo,
497 3097 575 3213 qui*
597 3099 743 3170 onmia*
754 3097 858 3170 videt.

99 3191 201 3263 Fortis
222 3199 305 3276 esst,
321 3193 414 3288 qui*
419 3217 463 3264 se
486 3213 599 3267 vrncrt.

99 3292 146 3360 ls*
164 3291 290 3364 amicus
308 3308 368 3393 est,
387 3291 490 3388 qui*
479 3310 574 3390 Juvat
590 3293 627 3364 in
643 3295 745 3364 rebus
761 3293 955 3368 adversis.

101 3387 241 3460 Virtute
243 3385 345 3484 *qui*
369 3389 501 3496 praediti
518 3409 608 3475 sunt,
627 3391 690 3462 soli
702 3409 781 3473 sunt
798 3393 927 3468 divites.
930 3399 949 3438 a
993 3427 997 3440 ¹

373 3625 379 3658 l
