2398 3926
169 417 351 514 xantippe,
378 418 527 494 Socratis
558 419 758 534 Philosophi
790 443 893 517 uxor,
926 439 1068 493 moroso

107 517 311 590 admodum
327 517 430 590 fuisse
445 516 556 590 fertur
572 535 607 588 et
618 518 783 614 jurgiosa.

111 713 274 783 Venator
289 713 441 810 sequitur
457 711 636 828 fugientia,
648 728 745 807 capta
761 710 945 824 relinquit3

169 810 292 884 Gloria
311 830 503 909 pugnantes
513 811 650 883 vincere
666 811 774 906 major
791 808 865 880 erit.

165 1006 207 1074 In
221 1008 354 1077 mundo
364 1006 463 1077 Deus
479 1022 528 1076 est
531 1030 611 1101 qm
621 1021 722 1100 regit
737 1029 796 1099 qm
787 1003 987 1100 gubernat
1005 1001 1067 1097 qui

113 1103 582 1197 cursumastrornm‚quimn
584 1101 941 1196 tationestemporum5
947 1123 1066 1170 rerum

112 1198 366 1272 vicissitudines
374 1200 577 1294 ordinesque
588 1215 776 1282 conservat,
790 1215 896 1269 terras
907 1219 945 1268 oe
957 1195 1064 1268 marii

114 1293 368 1393 contemplans,
385 1295 566 1370 hominum
581 1295 804 1368 commoda
774 1313 925 1392 vitasque
938 1311 1064 1366 tuetur.

171 1493 308 1580 Genus,
330 1508 365 1566 et
386 1515 544 1588 proavos,
568 1506 614 1580 et,
628 1513 801 1588 quaenon
825 1485 999 1564 fecimus
988 1486 1067 1584 ipsi,

118 1588 192 1660 Vix
207 1615 248 1662 ea
262 1607 380 1664 nostra
394 1615 493 1664 voco.

170 1806 269 1879 Nihil
285 1821 335 1879 est
351 1805 485 1880 dulcius
501 1805 552 1879 his
569 1805 685 1902 literis,
703 1806 828 1907 quibus
844 1804 989 1894 coelum,
1000 1818 1069 1877 ter

117 1929 186 1996 tat,
202 1904 307 1978 maria
321 1905 573 2003 cognoscimus

169 2117 381 2208 beatusne,
398 2145 457 2218 qm
448 2119 596 2216 procul
612 2121 772 2236 negotiis,

221 2217 277 2292 Ut
290 2217 400 2314 ptisca
415 2243 501 2387 {ens
517 2218 729 2306 mortalium,

119 2313 313 2390 Paterna
328 2339 410 2388 rura
449 2315 536 2387 obus
552 2332 690 2387 exercet
702 2339 782 2386 suis

172 2509 248 2603 lpse
258 2509 362 2580 animt
351 2507 576 2584 discessus
561 2529 739 2603 acotpore
755 2505 830 2582 fit
803 2532 881 2598 stne.
888 2469 1017 2595 dolore,
1032 2525 1067 2582 et

125 2607 382 2836 ιὶιιιιίειιιιιιιιιιε
393 2605 466 2676 sine
477 2629 590 2692 sensu,
601 2627 850 2703 nonnunquam
867 2606 969 2680 etiam
985 2631 1068 2680 cum

205 2729 228 2797 P

128 2897 294 2968 Hesterno
311 2893 434 2969 foetere
450 2921 546 2970 meto
563 2925 623 2995 qut
613 2897 746 2972 credit
760 2904 967 2984 Acerram,
1047 2919 1051 2924 ’
1131 2962 1135 2972 .

125 2993 403 3120 Pellitur-3111
419 2995 533 3068 lucem
548 3021 685 3092 semper
700 3003 834 3068 Acerra
848 2991 944 3070 bibit.
1013 3021 1018 3032 ·
1131 2997 1140 3074 J

175 3189 281 3265 Solon
304 3124 442 3286 glorian
464 3189 607 3279 solebat,
630 3213 667 3261 se
689 3213 805 3266 senem
828 3191 916 3282 fien',
938 3191 1067 3292 aliquid

132 3285 275 3384 quotidie
291 3287 532 3361 addiscentem.
