2398 3926
590 252 641 324 10

141 447 334 522 Semiramis
350 464 420 518 erat
436 447 519 518 Nini
536 471 635 517 uxor.

138 549 234 621 Jussa
250 546 317 617 Dei
334 547 426 616 fient.

143 644 314 714 Romulus
333 645 501 713 Romanas
517 641 673 713 conditor
690 638 781 712 urbis
798 652 879 710 erat.

137 740 282 809 Victima
299 740 416 810 mortis
432 739 535 808 *eris

136 837 220 908 Non
237 837 347 908 incola
363 836 496 920 montis,
508 837 588 906 ‘non
605 861 670 934 ego
687 861 762 908 sum
776 850 901 930 pastor.

137 933 308 1029 Penelope
324 939 451 1032 conjux
469 934 601 1030 Ulyssis
618 953 699 1006 erat.
851 941 856 947 ”

40 1117 48 1129 ..
134 1033 207 1104 Pan
223 1015 320 1102 Deus
337 1033 495 1102 Arcadiae
512 1052 571 1102 est.
598 1053 600 1058 ’
711 1064 714 1069 ·

5 1137 7 1146 '
28 1126 31 1132 ’
84 1139 107 1222 J
135 1129 299 1223 Magister
316 1129 394 1198 artis
408 1145 523 1198 venter
540 1147 600 1200 est.

5 1227 16 1270 ''·
52 1283 66 1310 ,
134 1225 302 1294 Villarum
316 1225 466 1296 culmina
483 1225 626 1296 fumant.

137 1319 240 1391 Canis
258 1318 380 1415 leporis
396 1319 534 1416 vestigia
551 1320 711 1415 sequitur.

133 1413 236 1486 Miles
252 1415 347 1486 timet
363 1413 517 1512 sagittam
534 1414 648 1488 hostis.

131 1511 194 1585 Est
211 1507 489 1596 calcandammel
505 1509 559 1584 via
575 1509 666 1583 lethi.

131 1607 245 1683 Fortia
259 1624 434 1682 taurorum
452 1628 595 1725 corpora
610 1603 736 1706 frangit
751 1627 850 1704 opus·
941 1658 945 1666 ·

133 1708 326 1779 Ventorum
342 1724 437 1802 pater
454 1723 541 1806 regn
557 1729 690 1780 navem.

134 1803 242 1894 Quis·
259 1825 330 1871 non
347 1825 462 1871 causas
478 1803 570 1870 mille
585 1802 714 1870 doloris
730 1801 856 1872 habet?

80 1955 82 1959 ,
131 1899 273 1968 Numen
289 1895 443 1966 divitium
460 1890 509 1966 est
525 1893 604 1968 fons
619 1893 786 1972 bonitatis

129 1995 185 2068 Ira
197 2012 247 2064 est
260 1989 391 2062 initium
408 1990 554 2063 insaniae.

130 2092 209 2186 Vita
225 2090 371 2164 hominis
383 2089 453 2160 sine
469 2087 571 2158 literis
587 2111 680 2158 mors
696 2106 757 2160 est.
872 2125 874 2130 ·

87 2247 93 2260 .
123 2190 301 2279 ¹Omnium
315 2208 433 2258 rerum
449 2185 641 2257 vicissitudo
658 2201 718 2256 est.

131 2288 300 2360 Omnium
316 2286 484 2371 malorum
496 2283 634 2356 stultitia
649 2300 699 2356 est
716 2298 834 2356 mater.

129 2387 259 2480 Magna
275 2411 350 2480 spes
367 2378 416 2456 est
437 2383 473 2456 in
488 2382 635 2457 bonitate
651 2378 730 2454 Dei.

506 2543 697 2690 riuum.-

128 2789 252 2863 *Volui
265 2789 422 2862 dormire.
492 2842 500 2863 .

126 2890 253 2960 *Aude
269 2905 485 2961 contemnere
501 2909 594 2980 opes.

127 2987 289 3058 Carmina
305 2987 507 3082 *possumus
522 2985 658 3054 donare.

126 3082 330 3176 Sepulcrum
345 3083 460 3176 incipit
476 3105 646 3176 apparere.

90 3186 92 3189 ’
122 3177 300 3252 *Poteram
317 3181 511 3276 contingere
527 3201 649 3268 ramos.

125 3275 484 3372 *Incipe-cognoscere
501 3283 654 3348 matrem.

38 3379 41 3382 ’
124 3373 235 3448 Finire
252 3373 443 3448 *memento
464 3371 667 3472 tristitiam.¹
