2398 3926
478 285 481 290 ·
578 265 632 339 43
935 239 1188 358 ’Λῑμ

132 457 236 546 Haec,
252 479 330 555 quae
333 458 478 532 Picenis
490 459 582 532 venit
598 460 765 532 subducta
781 461 929 557 trapetis,

186 556 337 642 Inchoat,
356 575 457 653 atque
474 559 593 629 eadem
610 557 694 642 linit,
714 559 814 646 oliva,
827 561 951 654 dapes.

186 735 461 830 Cum-Quintus
488 740 604 810 Labeo
633 755 751 832 pactus
777 755 864 808 esset
890 763 970 814 cum
999 763 1081 836 rege

122 834 322 917 Antiocho,
340 860 445 929 quem
461 834 560 906 bello
570 853 797 929 superaverat,
811 852 849 906 ut
865 837 907 906 ab
924 860 965 906 eo
982 837 1078 926 dimi-

137 930 227 1000 diam
250 932 363 1002 classis
391 949 523 1026 partem
543 932 722 1030 acciperet,
742 931 851 1002 fertur
872 955 991 1010 omnes
1008 936 1080 1028 ejus

136 1051 239 1100 naves
245 1029 373 1099 medias
380 1028 537 1117 secuisse,
549 1046 586 1099 ut
600 1053 718 1125 regem
728 1027 911 1100 totaclasse
923 1030 1080 1180 privaret.

137 1215 266 1288 Omnia
282 1233 481 1288 vertuntur·
517 1217 609 1288 certe
626 1234 805 1289 vertuntur
822 1242 965 1290 amores·

186 1314 350 1400 Vinceris,
376 1332 434 1387 aut
449 1313 580 1404 vincis;
617 1316 691 1388 haec
708 1315 745 1386 in
761 1340 877 1388 amore
897 1335 971 1388 rota
988 1333 1067 1389 est..

186 1501 338 1574 Validior
355 1520 405 1574 est
417 1495 581 1574 de'cern
549 1527 704 1573 vrrorum
715 1505 889 1575 bonorum
905 1503 1079 1588 sententia,

137 1623 244 1694 quam
259 1601 363 1671 totius
378 1599 604 1669 multitudinis
620 1583 796 1692 imperitae.

138 1763 203 1834 Per
220 1762 332 1832 varios
348 1784 430 1831 usus
446 1777 554 1832 artem
570 1759 775 1875 experientia
791 1757 884 1848 fecit,

140 1858 312 1953 Exemplo
330 1873 539 1982 monstrante
556 1856 656 1929 viam.

161 2037 298 2123 Servi,
317 2064 376 2134 qur
366 2037 533 2108 domino
550 2021 708 2110 clementi
720 2055 755 2110 et
769 2038 921 2151 benigno
941 2065 992 2110 usr
983 2031 1083 2112 fue-

141 2135 217 2221 rint,
236 2162 299 2231 pro
316 2134 456 2206 domino
473 2135 578 2228 parati
596 2152 695 2205 erunt
712 2136 887 2231 porrigere
904 2134 1081 2222 cervicem,

140 2252 175 2305 et
191 2231 425 2331 periculum
397 2257 427 2303 et
443 2231 624 2302 imminens
639 2231 676 2301 in
692 2232 818 2325 seipsos
829 2247 991 2304 avertere.

140 2401 392 2494 Argentum,a
393 2409 475 2488 tque
501 2416 637 2479 aurum,
666 2390 765 2462 facile
792 2409 852 2476 est,
881 2392 1084 2492 laenamque,

296 2510 482 2588 togamque

190 2587 331 2661 Mittere
348 2616 360 2678 3
386 2587 519 2658 boletos
535 2585 668 2660 mittere
685 2585 818 2659 difficile
834 2603 894 2662 est.

192 2762 365 2839 Animum
382 2765 531 2848 vincere,
551 2763 762 2839 iracundiam
784 2767 953 2852 cohibere,
981 2757 1085 2839 victo-

142 2863 241 2936 riam
253 2882 455 2957 temperare,
483 2863 713 2934 adversarium
741 2885 812 2934 non
837 2862 945 2934 modo
975 2865 1086 2936 extol-

145 2961 235 3032 lere
223 2978 404 3057 jacentem,
415 2964 474 3032 sed
491 2959 591 3031 etiam
603 2960 853 3056 amplificare
825 2981 897 3054 ejus
910 2958 1085 3068 pristinam

142 3057 354 3154 dignitatem,
368 3056 572 3150 praeclarum
589 3074 650 3127 est.

141 3211 260 3302 Adde,
273 3209 396 3306 quod
386 3221 558 3308 mgenuas
567 3207 720 3280 didicisse
735 3207 880 3281 fideliter
896 3225 984 3286 artes

195 3307 336 3380 Emollit
353 3331 480 3400 mores,
495 3329 559 3380 nec
576 3305 653 3379 sinit
670 3329 742 3378 esse
758 3301 897 3384 feros.
