2404 3914
555 168 611 252 60

156 375 291 476 Magnis
307 392 463 450 veterum
478 374 684 472 scriptorum
706 376 864 450 laudibus
880 376 1048 452 celebrata

106 501 155 554 est
173 476 336 573 Cynegiri
352 473 466 544 militis
482 475 701 547 Atheniensis
712 476 848 572 gloria:
875 477 944 573 qui,
965 479 1051 550 cum

101 581 138 650 i'n
164 576 292 670 campis
317 573 554 657 Marathoniis
573 574 661 645 duce
690 573 857 659 Miltiade,
887 600 1050 672 magnam

97 675 280 748 Persarum
298 672 429 742 cadem
451 669 598 761 fecisset,
613 671 795 767 hostesque
816 672 987 769 fugientes
1011 674 1047 745 in

96 793 200 846 naves
210 771 350 868 egisset3
369 786 528 840 onustam
538 793 661 853 navem
671 770 794 841 dextri
810 795 914 842 manu
924 771 1044 857 tenuit,

97 896 162 944 nec
175 870 273 966 prius
283 867 425 952 demisit,
439 866 544 962 quam
555 892 697 941 manum
707 869 884 940 amitteret.
910 873 1047 964 Ampu-

99 970 169 1053 tati
181 967 314 1058 dextri,
329 990 452 1038 navem
462 965 594 1038 sinistri
604 968 874 1061 comprehendit.
926 969 1044 1061 Quam

98 1087 133 1140 et
160 1067 268 1162 ipsam
297 1067 384 1137 cium
415 1063 591 1155 amisisset,
610 1065 654 1137 ad
682 1084 895 1161 postremum
923 1089 1041 1138 morsu

15 1169 17 1172 ’
97 1189 221 1238 navem
238 1163 391 1234 detinuit.

367 1332 487 1427 Quim
503 1357 628 1430 magna
644 1351 769 1430 gerunt

167 1437 288 1531 Grege
304 1457 369 1528 pro
386 1448 458 1502 toto
476 1431 565 1503 bella
578 1431 716 1528 juvenci
734 1431 742 1504 l

72 1609 75 1615 ,
160 1533 201 1630 1δί
217 1530 379 1630 conjugio
394 1531 538 1602 timuere
555 1551 629 1614 suo,

161 1631 314 1706 Posc'unt
330 1629 438 1702 timidi
455 1627 690 1725 praelia'cervi.

93 1893 96 1902 .
134 1831 245 1900 Suum
262 1825 387 1922 cuique
409 1827 596 1921 pulchrum
617 1843 696 1900 est:
723 1827 838 1901 adhuc
858 1832 1031 1903 neminem

81 1925 229 2022 cognovi
246 1941 393 2018 poetam,
412 1923 471 2018 qui
488 1923 550 1994 sibi
572 1946 644 1994 non
661 1925 811 2019 optimus
827 1926 1027 2004 videretur:

80 2042 115 2097 te
132 2042 200 2108 tua,
219 2047 276 2094 me
292 2020 461 2093 delectant
477 2043 563 2092 mea.

76 2200 171 2271 Nam
197 2197 307 2270 scelus
331 2190 421 2266 intra
446 2217 483 2266 se
508 2192 648 2268 tacitum
666 2196 725 2294 qui
750 2195 876 2296 cogitat
901 2196 1023 2290 ullum,

74 2297 169 2382 Facti
185 2296 315 2368 crimen
332 2294 445 2366 habet.

270 2482 392 2555 Cicero
408 2485 447 2556 S.
466 2483 519 2555 D.
537 2481 711 2557 Terentioe
726 2485 819 2558 Suoe.

119 2657 180 2734 Ad
201 2671 328 2730 ceteras
353 2679 445 2724 meas
470 2654 621 2728 miserias
645 2656 784 2730 accessit
810 2657 911 2732 dolor
938 2677 972 2732 et
998 2658 1019 2732 ὲ

67 2756 261 2831 Dolabellae
278 2751 472 2824 valetudine
502 2769 535 2823 et
561 2753 738 2825 e‘l'ulliae.
793 2757 948 2826 Omnino
974 2757 1018 2827 de

68 2858 228 2926 omnibus
246 2855 346 2926 rebus
362 2875 425 2922 nec
443 2849 525 2945 quid
544 2850 673 2920 consilii
690 2851 834 2944 capiam,
850 2871 914 2923 nec
933 2853 1016 2950 quid

66 2951 189 3025 faciam
204 2951 287 3023 scio.
339 2953 397 3022 Tu
413 2949 517 3021 velim
537 2964 632 3020 tuam
650 2965 684 3020 et
709 2948 836 3023 Tulliae
853 2951 1016 3024 valetudi-

65 3074 147 3124 nem
164 3074 273 3120 cures.
325 3048 423 3122 Vale.
486 3115 490 3124 .

60 3227 147 3300 Non
162 3218 235 3304 sibi,
250 3218 310 3291 sed
326 3219 477 3307 domino,
496 3237 639 3295 venatur
654 3236 814 3317 vertagus
829 3245 918 3309 acer,

109 3321 260 3394 Illaesum
277 3317 430 3413 leporem
447 3320 507 3414 qui
523 3320 583 3392 tibi
599 3319 702 3424 dente
718 3316 814 3394 feret.
