2404 3914
595 267 687 348 55¹

146 463 318 564 profusus,
337 481 376 538 ut
391 463 496 540 nimii
512 464 635 561 pietate
654 490 793 542 causam
814 465 877 544 sibi
897 468 1017 544 mortis
1041 483 1100 546 ac·

147 583 304 638 cerseret.
330 567 491 662 Namque
508 582 648 660 propter
669 584 942 660 perseverantem
970 568 1097 642 lamen-

148 662 312 733 tationem
329 662 372 734 ad
389 662 582 734 Antonium
595 678 784 757 pertractus
796 681 857 734 est.
885 666 994 760 Cujus
1006 684 1098 761 post.

148 759 255 854 quim
265 760 301 831 in
313 775 498 855 conspectu
507 759 614 830 stetit:
628 761 715 832 Jube
729 785 795 845 me,
808 759 927 856 inquit,
942 764 1098 856 protinus

147 857 191 928 ad
209 857 345 930 Luculli
362 883 487 952 corpus
504 857 644 952 perduci
667 875 701 930 et
716 858 837 948 pccidi.
863 860 989 953 Neque
1004 862 1099 932 euim

148 956 306 1026 absumto
339 955 399 1024 illo
428 978 601 1048 superesse
631 955 752 1038 debeo,
783 955 868 1026 cum
897 954 927 1026 ei
955 953 1098 1028 infelicis

150 1051 335 1132 adversum
345 1069 378 1122 te
386 1051 511 1122 militiae
519 1050 777 1122 auctorfuerim.
788 1051 900 1122 Facile
908 1051 1098 1147 impetravit

149 1150 193 1222 ab
205 1149 378 1221 Antonio:
398 1150 590 1244 ductusque
598 1149 674 1245 *quo
685 1149 849 1232 voluerat,
865 1149 1002 1221 Luculli
1014 1152 1100 1222 dex·
1133 1182 1137 1189 ·

149 1262 237 1320 tram
253 1245 351 1318 avide
368 1245 540 1318 osculatus
555 1262 617 1331 est,
641 1263 811 1342 caputque
828 1249 911 1343 ejus,
929 1247 1024 1343 quod
1040 1250 1101 1319 ab·

149 1341 292 1438 scissum
304 1345 447 1440 jacebat,
466 1344 594 1439 pectori
611 1365 674 1416 suo
700 1344 883 1439 applicuit;
919 1369 957 1416 ac
975 1344 1098 1418 deinde

152 1439 318 1514 cervicem
334 1466 431 1514 suam
453 1439 678 1514 interfectoris
694 1441 807 1536 gladio
824 1441 981 1537 praebuit.

45 1657 49 1665 .
150 1602 289 1675 lnvidiae
307 1605 431 1676 domus
448 1621 498 1674 est
512 1602 589 1674 imis
604 1602 641 1672 in
656 1602 800 1674 vallibus
816 1604 927 1691 antri;

151 1701 220 1792 Sed
237 1700 381 1795 quoquo
398 1699 599 1793 ingreditur,
629 1699 783 1771 florentia
798 1700 940 1793 proterit
955 1724 1049 1790 arva,
1169 1711 1172 1716 ’

149 1797 345 1892 Exuritque
362 1795 494 1880 herbas,
521 1813 555 1868 et
571 1820 705 1868 summa
721 1821 888 1893 papavera
903 1799 1020 1897 carpit.

153 1894 239 1988 Qui)
256 1917 327 1966 non
344 1893 430 1967 livor
447 1893 541 1967 adit?
620 1899 626 1908 ’
1049 1923 1051 1930 ·

203 2057 420 2130 Conscientia
451 2056 540 2131 bene
573 2074 658 2131 actae
690 2058 782 2146 vitae,
839 2061 1098 2160 multorumque

151 2151 410 2230 benefactorum
426 2155 630 2245 recordatio,
651 2156 897 2252 jucundissima
912 2167 974 2228 est.
1192 2159 1193 2162 ’

151 2354 209 2427 Da
224 2352 383 2467 spatium,
425 2369 633 2447 tenuemque
661 2341 819 2441 moram3
863 2352 952 2422 mala
977 2367 1102 2426 cuncta

257 2529 262 2537 .
277 2466 442 2522 ministrat

152 2549 315 2643 Impetus.

205 2711 332 2784 Cimon
338 2706 556 2784 Atheniensis
561 2707 625 2782 fuit
635 2707 727 2783 tanti
738 2709 946 2799 liberalitate,
959 2727 1007 2794 ut,
1015 2709 1101 2780 cnm

154 2807 388 2907 compluribus
406 2808 490 2881 locis
502 2808 630 2904 praedia
646 2809 837 2904 hortosque
849 2811 998 2889 haberet,
1013 2830 1101 2877 nun·

155 2930 260 3002 quam
277 2907 324 2978 eis
346 2907 524 2980 custodem
556 2907 754 3002 imposuerit
780 2905 917 2977 fructus
945 2903 1101 2975 servandi

155 3003 275 3100 gratii.
301 3006 444 3100 Semper
459 3029 540 3075 eum
556 3003 746 3100 pedissequi
763 3027 844 3074 cum
856 3002 1006 3072 nummis
1022 3017 1101 3074 sunt

155 3101 273 3185 secuti,
286 3117 334 3186 ut,
348 3101 375 3172 si
384 3102 459 3198 quis
469 3101 543 3196 opis
551 3105 623 3196 ejus
640 3093 819 3195 indigeret,
837 3101 986 3184 haberet,
1005 3099 1101 3195 quod

155 3199 268 3270 statim
284 3202 392 3286 daret,
409 3224 452 3272 ne
462 3197 651 3270 differendo
657 3197 827 3268 videretur
839 3221 975 3294 negare.
1002 3199 1102 3290 Saepe

156 3295 243 3420 qum
259 3296 406 3394 aliquem
419 3297 548 3372 videret
564 3293 681 3370 mimis
697 3294 786 3369 beni
803 3295 973 3386 vestitum,
999 3313 1101 3366 suum
