2404 3914
586 182 760 270 50,

184 377 342 452 Corinthi
370 379 501 473 puella,
547 400 645 476 capta
677 407 796 454 amore
814 384 982 480 -juvenis,
1015 368 1085 456 'illo
1194 383 1195 458 J

134 479 280 576 abeunte
301 503 454 574 peregre,
480 481 641 552 umbram,
656 506 699 552 ex
726 479 813 552 facie
829 485 901 578 ejus
917 485 961 553 ad
979 483 1093 554 lucer?

132 597 215 644 nam
240 574 275 644 in
292 576 430 668 ¹pariete
456 577 551 648 lineis
582 581 852 674 circumscripsit.
903 581 1087 677 Talis'pic-
1194 571 1195 638 i

120 671 221 782 {turae
232 671 302 743 ‘fuit
319 676 428 772 origo.

133 847 284 944 Impiger
300 845 473 922 extremos
486 851 590 922 currit
606 869 774 924 mercator
785 853 830 936 ad
846 853 961 936 Indos,

132 945 199 1050 Per
215 972 309 1046 mare
326 951 523 1046 pauperiem
545 949 689 1047 fugiens,
709 977 770 1046 per
786 976 878 1034 saxa,
898 977 957 1046 per
979 949 1088 1046 ignes.

186 1101 290 1192 Titus¹
303 1123 454 1196 Manlius
476 1129 684 1220 Torquatus,
702 1126 762 1221 qui
784 1124 1028 1221 perindulgens
1053 1123 1090 1194 in

136 1233 269 1322 patrem
285 1219 408 1310 fuerat,
424 1224 517 1294 idem
530 1225 651 1296 acerbe
669 1249 807 1296 severus
823 1224 858 1294 in
875 1223 985 1294 filium
1002 1220 1078 1293 fuit.

523 1399 699 1485 Murices.

136 1573 311 1673 Sanguine
329 1575 371 1647 de
387 1593 505 1647 nostro
522 1573 652 1660 tinctaS,
664 1569 805 1670 ingrate,
826 1573 975 1644 lacernas

188 1676 306 1748 Induis
323 1704 334 1766 ;
363 1693 407 1760 et,
425 1699 498 1746 non
514 1691 564 1746 est
580 1673 646 1761 hoc
664 1672 752 1757 satis,
768 1698 844 1744 esca
861 1697 989 1742 sumus

315 1840 438 1944 Cicero
463 1840 616 1912 Salutem
643 1838 744 1912 Dicit
771 1837 917 1909 Basilio.

82 2045 85 2060 ‹
122 2017 124 2020 ’
188 2006 269 2080 Tibi
301 2004 483 2104 gratulor,
519 2003 604 2093 mihi
637 2001 788 2098 gaudent
833 2017 866 2070 te
904 1975 999 2082 amo,
1032 1969 1092 2070 tua

126 2117 247 2181 tueor.
300 2103 384 2176 Ate
399 2101 516 2188 amari,
529 2120 562 2172 et
577 2101 662 2198 quid
678 2123 767 2198 agas,
781 2098 941 2194 ¹quidque
957 2114 1079 2195 agatur

7 2273 9 2280 ,
139 2208 262 2282 certior
274 2205 460 2292 fierirolo.
513 2202 608 2272 Vale'.
899 2295 901 2300 Ι
934 2289 937 2297 ,
1070 2223 1076 2234 ¹
1194 2241 1195 2264 t

57 2395 72 2436 -’
137 2387 312 2462 Gentibus
325 2401 374 2458 est
390 2381 462 2454 aliis
478 2378 579 2452 tellus
585 2376 667 2447 data
681 2371 789 2446 limite
803 2387 898 2444 certo
914 2398 924 2457 ;

133 2521 137 2528 ·
183 2482 524 2576 Romanae-'spatium
533 2495 588 2550 est
596 2474 692 2548 urbis
701 2490 735 2546 et
751 2471 843 2544 orbis
859 2469 962 2540 idem.

183 2634 670 2718 PausaniasLacedaemonius,
682 2631 769 2704 vitiis
778 2632 933 2713 obrutus,
946 2642 980 2697 et
992 2625 1092 2727 Spar·

134 2765 221 2831 tam,
260 2759 295 2815 et
334 2752 492 2815 ‘ceteram
543 2733 728 2814 Graeciam,
776 2729 840 2798 sub
890 2739 1092 2818 potestatem
1194 2751 1195 2762 ¹

138 2847 322 2917 Persarum
355 2835 444 2933 regis
491 2829 645 2926 redigere
680 2823 797 2898 voluit.
856 2822 930 2925 ¹His
975 2821 1089 2902 rebus,

138 2942 281 3037 Ephori,
300 2933 454 3036 cognitis
465 2931 636 3029 jusserunt
654 2949 735 3013 eum
748 2917 1004 3014 comprehendi.
1040 2919 1092 2988 At

99 3105 105 3112 ,
137 3040 195 3110 ille
211 3041 247 3110 in
264 3041 375 3111 aedem
393 3033 559 3106 Minervae
583 3021 749 3120 confugit.
789 3020 884 3090 Hinc
917 3041 962 3088 ne
995 3014 1090 3087 exire

137 3155 262 3231 posset,
269 3137 380 3208 statim
392 3130 524 3227 Ephori
530 3127 642 3199 valvas
652 3125 724 3220 ejus
737 3118 819 3192 aedis
830 3120 1087 3196 obstruxerunt,

138 3254 336 3330 tectumque
353 3248 432 3302 sunt
449 3225 611 3309 demoliti,
630 3239 668 3294 ut
685 3218 819 3292 facilius
836 3217 899 3286 sub
933 3213 991 3286 dio
1007 3213 1090 3282 inte-

137 3341 228 3412 riret.
250 3331 390 3407 'Dicitur
399 3354 441 3400 eo
454 3312 943 3420 temporematremPausaniae
955 3310 1091 3397 vixisse,
