2404 3914
508 171 772 274 'tux

145 395 290 473 Divitias
307 397 399 470 alius
407 395 503 470 fulvo
521 397 583 469 sib'i
600 415 761 494 congerat
771 423 877 485 auro,

197 496 243 566 Et
260 511 370 566 teneat
386 494 493 566 cuiti'
481 517 602 607 jugera
618 495 705 565 mult
693 513 725 565 ta
743 495 816 566 soli.

146 591 212 664 Me
228 609 304 664 mea
320 609 517 712 paupertas
515 592 593 662 vitae
610 595 764 664 traducat
751 593 889 676 tinctu,

195 691 295 770 Dum
312 715 409 762 meus
409 690 559 780 assiduo
577 690 708 760 luceat
698 715 778 786 igne
790 689 899 761 focus.

112 875 116 879 .
197 819 326 904 Darius
342 821 508 892 adversus
523 817 765 901 Alexandrum
780 820 816 890 in
835 816 955 892 Cilioit
967 845 1096 917 pugna

150 934 258 1002 turus,
271 935 432 1014 coegerat
444 917 596 1012 undique
611 918 699 1010 pene
717 917 1097 994 innumerabilemmili-

150 1031 225 1086 tum
242 1015 507 1088 multitudinem.
528 1017 639 1110 Cujus
654 1031 792 1110 aspectu
807 1015 894 1088 edm
904 1015 1097 1094 admodum
1152 1101 1157 1110 1

149 1112 248 1206 laetus
260 1125 360 1196 esset,
378 1138 476 1206 spem
492 1136 639 1208 quoque
647 1115 720 1207 ejus
735 1111 873 1188 inflabat
881 1113 1099 1189 adulatorum

149 1207 260 1295 turb‘a,
279 1229 407 1282 certam
425 1212 468 1281 de
486 1209 688 1280 Alexandro
713 1210 889 1280 victoriam
912 1210 1098 1304 pollicitan-

149 1307 247 1378 tium.
275 1311 471 1380 Conversus
497 1325 573 1378 turn
607 1309 650 1378 ad
685 1308 932 1379 Charidemum
954 1309 1098 1386 Atheni-

150 1428 278 1490 ensem,
309 1405 422 1477 virum
454 1405 536 1476 belli
566 1404 727 1500 peritum,
763 1405 953 1499 percontari
970 1407 1096 1500 coepit:

149 1501 282 1576 ¹Satisne
315 1503 346 1575 ei
378 1504 549 1573 videretur
583 1502 767 1573 instructus
800 1504 844 1573 ad
871 1505 1100 1576 obterendum

149 1599 310 1672 hostem?
337 1605 388 1670 At
403 1601 461 1670 ille
478 1599 582 1670 libere
598 1599 795 1671 admonuit.
814 1599 913 1674 Illam
929 1623 975 1670 ex
991 1599 1100 1674 omni

149 1699 216 1768 bus
234 1697 385 1770 Orientis
401 1698 552 1790 partibus
568 1699 715 1768 excitam
742 1697 923 1767 hominurn
948 1697 1101 1767 ιιιιιιιιιιι-

149 1778 278 1878 dinem,
294 1819 456 1890 purpura,
469 1793 621 1892 argento,
636 1815 798 1888 auroque
792 1793 1100 1890 fulgentern,futu
1192 1789 1193 1794 ’

142 1903 225 1964 'ram
248 1917 320 1964 esse
348 1891 513 2008 imparem
532 1892 789 1978 Macedonibus,
809 1894 892 1988 qui,·
904 1909 1101 1988 paupertate
1151 1969 1154 1976 Ἰ
1183 1947 1187 1956 «

83 2031 85 2034 -
152 1989 314 2087 magistra
331 1991 392 2074 usi,
412 1987 593 2060 militarem
609 1989 821 2084 disciplinam
844 1991 1046 2074 didicissent,
1066 2007 1100 2062 et

150 2112 223 2158 uon
239 2090 364 2160 decora
379 2113 484 2172 arma,
503 2081 562 2156 sed
579 2086 813 2160 fortitudinem
830 2087 942 2172 animi,
957 2089 1001 2157 ad
1013 2107 1100 2191 prae-

152 2185 239 2256 lium
254 2187 424 2258 afferrent.
512 2198 517 2224 ³
616 2221 622 2235 =
670 2224 673 2231 ·

113 2359 116 2366 ·
152 2315 190 2388 Si
206 2316 356 2399 memini,
367 2315 509 2388 fuerant
518 2313 585 2388 tibi
602 2331 759 2484 quatuotr,
774 2314 875 2398 AElia,
895 2297 1037 2386 dentes:

203 2413 350 2509 Exspuit
366 2436 435 2484 una
462 2415 555 2485 duos
572 2413 734 2497 tussis,et
700 2435 820 2484 euna
836 2412 937 2483 duos.

152 2508 229 2585 Jam
245 2535 370 2583 secura
365 2529 478 2607 potes
493 2511 572 2582 totis
588 2511 709 2582 tussire
725 2509 866 2624 diebus;
979 2511 982 2516 ’

202 2609 264 2681 Nil
280 2609 388 2691 isthic,
408 2610 503 2702 quod
519 2628 606 2706 agat,
625 2609 723 2680 tertia
738 2608 838 2680 tussis
854 2609 966 2681 habet.

203 2736 317 2832 Scipio
333 2737 515 2808 Nasica
469 2761 559 2810 cum
574 2743 618 2812 ad
635 2757 770 2834 poetam
779 2737 931 2811 Ennium
941 2736 1095 2823 venisset,

154 2833 254 2930 eique
270 2837 313 2907 ab
328 2836 417 2907 ostio
433 2838 600 2932 quaerenti
616 2766 778 2920 Epnnium,
797 2836 919 2906 ancilla
950 2833 1100 2948 dixisset,

138 2932 250 3004 ¹domi
265 2957 337 3003 nou
354 2957 445 3005 esse·
437 2987 447 3022 ,
461 2936 593 3006 Nasica
609 2935 711 3028 sensit
726 2934 819 3003 iliam
846 2929 1016 3000 domini'
1002 2955 1101 3028 jussu
1192 2961 1193 3030 ᾗ

155 3030 290 3113 dixisse,
306 3045 346 3099 et
348 3031 465 3102 ιιιιιιιι
455 3049 638 3102 mtusesse
664 3029 785 3100 Paucis
794 3029 874 3123 post
886 3029 1008 3100 dlebus
1015 3032 1102 3103 edm
1191 3031 1193 3124 J

154 3128 199 3198 ad
214 3123 375 3199 Nasicam
391 3129 536 3199 venisset
551 3126 693 3210 Ennius,
713 3143 746 3196 et
761 3147 854 3197 eum
856 3127 877 3198 ai
883 3127 988 3226 janua
1011 3152 1103 3223 quae-
1192 3139 1193 3204 ι

61 3257 66 3264 ·
157 3239 256 3311 reret,
274 3227 443 3300 exclamat
457 3221 593 3320 Nasica,
611 3245 648 3296 sc
671 3224 813 3368 domi
799 3245 872 3298 uon
904 3247 998 3298 esse:
1028 3243 1104 3296 tum
1192 3255 1193 3312 3
