2404 3914
547 267 604 362 ts
701 250 744 324 '-

33 448 39 478 ¹
151 471 194 543 c.
217 466 328 544 rann
356 467 485 558 cam,
529 469 596 568 qut·
616 469 758 546 naor-ta
786 465 1053 545 clemensana·
1126 489 1129 492 ·

101 589 183 640 usus
199 566 362 654 seucum
387 567 510 642 scrinia
522 569 801 665 deprehendisset
827 569 1050 664 epistolarum

98 663 143 735 ad
172 663 376 759 Pompeium
391 664 571 738 mimarum
594 668 638 739 ab
657 666 711 755 iis,
726 666 786 763 qui
801 665 1003 738 videbantur
1014 665 1053 737 in

99 758 242 930 givorsis
268 759 372 835 fuisse
398 762 563 862 partibus,
580 765 696 862 legere
725 763 847 853 noluit,
878 764 941 836 sed
955 784 1053 850 com·

125 875 219 931 ussit·
775 875 777 880 ’
1034 918 1043 934 .

102 1015 159 1094 En
174 1043 252 1118 ego,
270 1043 342 1094 non
353 1023 470 1118 paucis
485 1025 661 1121 quondam
676 1024 829 1097 munitus
840 1023 967 1110 amicis,
985 1047 987 1050 ·
1013 1041 1022 1054 ⁸
1043 1049 1047 1062 ·
1080 1065 1085 1072 -

103 1153 108 1160 ·
151 1118 250 1190 Dum
263 1119 354 1191 flavit
369 1122 452 1194 velis
467 1146 550 1194 aura
565 1123 716 1196 secunda
730 1120 839 1210 meis;
927 1137 949 1172 '·
1029 1141 1052 1152 ’”

103 1211 247 1285 Utfera
262 1216 420 1290 nimboso
436 1235 637 1291 tumuerunt
653 1221 794 1315 aequora
805 1236 921 1307 vento,

101 1351 103 1358 ·
151 1309 192 1381 In
206 1312 338 1402 mediis,
354 1312 466 1386 laceri
475 1336 601 1412 puppe,
619 1316 795 1410 relinquor
807 1316 915 1413 aquis.

99 1545 104 1550 .
152 1471 347 1562 AEschinea
381 1475 468 1552 edm
504 1492 646 1574 propter
671 1473 893 1574 ignominiam
937 1471 1059 1573 judicii

102 1566 255 1660 cessisset
288 1574 447 1663 Athenis,
499 1591 534 1646 et
575 1600 612 1648 se
646 1574 815 1647 Rhodum
847 1573 1056 1658 contulisset,

97 1688 244 1766 rogatus
260 1669 282 1762 a
300 1669 459 1759 Rhodiis,
490 1672 611 1770 legisse
627 1671 738 1746 fertur
754 1670 942 1744 orationem
961 1670 1062 1743 illam·

97 1766 295 1880 ,egregiam
310 1793 415 1863 quam
431 1768 467 1840 in
497 1769 757 1864 Ctesiphontem
773 1785 893 1840 contra
909 1769 1058 1840 Demos·

97 1862 245 1946 thenem
262 1864 417 1936 dixerat:
437 1865 506 1960 quai
519 1865 683 1960 perlecti,
716 1865 860 1960 petitum
889 1881 939 1938 est
954 1865 998 1936 ab
1014 1888 1058 1936 eo
1191 1909 1192 1920 ι

103 1957 276 2076 postridie,
292 1975 332 2032 ut
346 1960 476 2057 legeret
491 1961 585 2032 illam
600 1962 712 2044 etiam,
738 1966 817 2054 quae
845 1977 917 2032 erat
927 2015 928 2020 ,
938 1957 1061 2033 contri
1085 1999 1090 2006 ·

95 2079 129 2132 ‚a
160 2055 395 2129 Demosthene
426 2081 492 2151 pro
531 2057 755 2152 Ctesiphonte
791 2056 889 2128 edita
937 2059 1063 2149 vQuum
1190 2037 1191 2100 ss

102 2152 195 2228 calm
205 2151 399 2228 suavissimi
408 2171 442 2226 et
459 2152 611 2226 maximi
628 2178 712 2225 voce
728 2151 876 2250 legisset,
892 2152 1068 2224 admiratu·
1105 2156 1110 2161 ’

92 2249 392 2328 ¹tibusomnibus:
412 2254 566 2346 Quanto,
592 2248 714 2348 inquit,
733 2249 847 2348 magis
875 2248 1060 2345 admirare-
1090 2325 1097 2332 ,

91 2347 203 2433 mini,
222 2348 250 2420 si
265 2346 440 2422 audissetis
455 2347 591 2445 ipsum!

93 2599 95 2606 Ι
112 2509 210 2606 Quid
223 2510 310 2582 mihi
326 2510 473 2601 divitiae3
494 2509 680 2609 quarumsi
696 2509 859 2584 demseris
871 2501 984 2596 usum,

162 2608 329 2702 Quamvis
344 2609 460 2705 largus
476 2633 594 2721 opum,
611 2634 747 2706 semper
758 2631 888 2706 egenus
902 2603 988 2683 ero?
1030 2611 1033 2618 '

91 2713 97 2734 ’·
113 2707 197 2784 Non
209 2703 304 2780 aliter
312 2704 426 2788 sitiens
442 2705 567 2778 uicinas
583 2708 747 2778 Tantalus
763 2706 873 2778 undas

165 2805 299 2900 Caput,
317 2820 351 2875 et
362 2801 520 2899 appositis
531 2800 674 2874 abstinet
683 2825 744 2873 ora
755 2799 848 2872 cibis.

169 2957 265 3049 Quid
288 2955 420 3031 facilius
452 2931 517 3029 furi
532 2953 606 3052 regi
634 2951 824 3052 Antigono,
843 2953 949 3051 quim
972 2954 1062 3028 duos
1185 2933 1186 2976 ³

41 3096 45 3101 ·
118 3052 241 3128 milites
266 3054 309 3124 ad
325 3053 530 3151 supplicium
551 3051 632 3126 duci
660 3053 791 3149 jubere,
816 3053 887 3148 qui,
910 3051 1060 3147 proximi
1184 3059 1185 3070 ’

117 3149 212 3248 regio
228 3151 458 3238 tabernaculo,
468 3153 514 3224 de
524 3175 605 3249 rege
620 3174 684 3222 suo
696 3149 805 3236 multa
816 3166 943 3224 temere
951 3148 1062 3221 effuti-

11 3323 12 3328 ,
117 3246 243 3324 ebant?
264 3245 431 3323 Audierat
455 3257 571 3320 onmia
595 3247 801 3345 Antigonus,
830 3263 948 3342 utpote
976 3245 1063 3319 edm
1178 3261 1184 3300 ι’

80 3443 82 3446 Ι
108 3347 207 3432 sinam
223 3342 372 3420 dieentes
391 3359 427 3420 et
441 3345 636 3421 audientem
659 3345 778 3421 velum
800 3345 939 3425 tantum
958 3343 1062 3466 inter-‚¹¹
