2404 3914
548 275 604 359 70

155 475 336 548 Adversus
369 475 599 546 Hannibalem
625 472 785 546 callidum
812 475 1053 569 imperatorem

108 574 204 646 toties
221 575 396 657 victorem,
411 576 485 645 dux
500 573 520 644 a
535 573 699 644 Romanis
716 574 844 646 electus
856 576 902 666 Q.
916 573 1055 659 Fabius,

104 694 231 743 novam
274 672 430 744 vincendi
469 691 576 743 artem
623 689 837 744 commentus
882 688 942 753 est,
983 691 1056 742 non

106 793 272 865 pugnare,
291 791 324 842 et
338 773 471 841 hostem
484 767 583 839 mori
595 766 767 865 frangere:
815 771 922 841 Unde
940 769 1057 842 Cunc-

40 929 44 936 .
105 882 195 938 tator
211 867 396 941 estdictusl

107 1015 223 1088 Mater
240 1021 384 1092 Lacaena
402 1017 522 1114 clypeo
540 1019 722 1088 obarmans
735 1017 861 1101 filium,

109 1113 204 1185 Cum
202 1117 323 1202 hoc,
313 1117 433 1211 lnquit,
453 1133 511 1186 aut
527 1115 563 1186 in
573 1116 651 1199 hoc,
667 1116 749 1186 redi.

155 1265 239 1332 Non
269 1262 389 1333 licebat
429 1264 546 1333 vinum
584 1259 734 1333 foeminis
770 1232 895 1332 Romae
928 1260 1057 1332 bibere.

109 1359 167 1428 Μ
164 1358 282 1428 cennii
299 1386 399 1445 uxor,
413 1359 551 1454 qudd'
520 1383 639 1430 vmum
650 1358 811 1429 biberat
795 1384 815 1429 e
830 1359 966 1443 dolio,
957 1376 1060 1430 mter-

109 1453 199 1528 fecta
212 1455 309 1528 inita
328 1457 461 1529 marito.

110 1603 181 1675 Vix
203 1605 292 1675 mihi
318 1606 471 1690 credetis,
495 1605 555 1676 sed
578 1603 727 1690 credite3
763 1604 870 1700 Troja
893 1619 1061 1690 maneret,

159 1699 344 1800 Praeceptis
353 1704 478 1776 Priami
495 1701 625 1775 siforet
635 1727 698 1775 usa
709 1701 809 1772 senis.

158 1849 243 1918 Non
257 1863 361 1920 terret
377 1849 562 1961 sapientem
582 1873 687 1960 mors,
707 1873 785 1943 quae
798 1865 940 1942 propter
955 1846 1063 1920 incer-

108 1959 161 2014 tos
195 1967 291 2014 casus
325 1947 477 2038 quotidie
510 1945 675 2026 imminet,
700 1962 841 2038 propter
865 1945 1065 2031 brevitatem

53 2080 55 2090 ·
107 2040 185 2112 vitae
195 2064 371 2156 nunquam
386 2039 489 2136 longe
503 2057 618 2134 potest
627 2043 754 2112 abesse
791 2041 966 2112 Pellantur
974 2065 1063 2136 ergo

106 2137 180 2211 istae
207 2139 341 2246 ineptiae
373 2139 461 2234 pene
498 2137 618 2225 aniles3
678 2155 756 2211 ante
793 2155 928 2248 tempus
960 2139 1065 2227 mori,

108 2237 272 2308 miserum
304 2261 386 2310 esse
444 2237 551 2332 Quod
575 2233 713 2308 tandem
735 2237 896 2348 tempus?
955 2237 1067 2307 Natu·

109 2334 227 2406 raene?
245 2340 345 2407 Atea
356 2325 496 2430 quidem
520 2334 612 2405 dedit
636 2358 775 2404 usuram
791 2333 879 2419 vitae,
903 2350 1066 2447 tanquam

108 2431 263 2530 pecuniae
283 2433 379 2504 nulli
405 2431 592 2546 praestituti
620 2432 686 2504 die.
740 2432 899 2581 guid
868 2449 919 2502 est
950 2430 1067 2542 igitur,

90 2529 206 2625 -quod
216 2553 370 2624 querare,
396 2530 424 2601 si
447 2530 577 2624 repetit,
589 2554 675 2602 cum
684 2530 772 2602 vul
746 2547 829 2601 tea
847 2527 938 2602 enim
953 2528 1069 2600 condi.-

122 2627 200 2698 ione
229 2650 418 2720 acceperas.
471 2627 588 2712 Iidem,
620 2627 647 2698 si
673 2652 760 2723 puer
782 2651 907 2723 parvus
933 2625 1066 2710 occidit.

110 2722 528 2822 aequoanimofereudum
554 2741 710 2820 putant:
736 2726 763 2796 si
785 2728 869 2796 vern
900 2725 934 2794 in
959 2722 1094 2813 cunis„

110 2847 156 2896 ne
172 2821 386 2921 querendum
404 2821 554 2918 quidem.
607 2821 717 2916 Atqui
738 2824 781 2891 ab
803 2823 870 2892 hoc
910 2820 1070 2892 acerbius

4 3001 5 3004 Ἴ
111 2942 226 3030 exegit
237 2941 367 3006 natura,
382 2920 476 3018 quod
488 2920 638 2990 dederat
669 2918 837 2989 Nondum
863 2935 1070 3016 gustaverat,

104 3013 279 3109 inquiunt,
298 3021 376 3093 vitae
393 3019 619 3092 suavitatem:
648 3016 704 3088 hic
734 3033 848 3088 autem
869 3023 941 3131 jam
958 3040 1070 3142 spera·

111 3113 169 3184 bat
179 3137 313 3226 magna,
327 3120 451 3212 qu1bus
460 3117 528 3190 frui
546 3134 705 3212 coeperat
724 3116 793 3186 At
784 3140 820 3186 m
830 3115 950 3187 ceteris
965 3110 1069 3186 rebus

111 3210 233 3284 melius
250 3230 397 3328 putatuq
429 3216 593 3338 attingere
619 3214 766 3311 aliquam
787 3231 930 3310 partem,
963 3237 1069 3310 quam

111 3311 253 3387 nullam.
293 3312 393 3384 Cur
384 3335 421 3384 ιιι
436 3313 505 3386 vita
519 3313 643 3388 secus?
670 3317 880 3414 Quanquam
895 3337 967 3386 non
978 3311 1068 3386 male
