2404 3914
129 506 273 581 Iuventi
290 505 397 582 secuit
413 507 472 604 qui
478 472 619 603 'primus
635 529 722 578 nave
738 504 961 603 profundum,
1052 525 1056 534 ’

49 655 51 662 1
179 609 224 678 Et
239 608 383 678 rudibus
400 607 502 678 remis
518 599 695 678 solicitavit
711 629 825 701 aquas,

127 703 336 798 Tranquillis
352 703 507 800 primstm
525 703 677 799 trepidus
692 725 728 774 se
744 700 886 774 credidit
902 699 1012 786 undis,

177 801 308 872 Littora
323 825 445 873 securo
461 800 593 872 tramite
609 821 743 871 summa
759 801 897 896 legenst

113 895 217 970 'Mox
233 898 357 995 longos
372 915 501 969 tentare
516 898 619 982 sinus,
637 915 672 968 et
689 896 842 992 linquere
857 911 974 979 terras,

173 996 220 1066 Et
236 995 303 1066 leni
320 995 425 1088 coepit
440 996 588 1090 pandere
604 995 679 1066 vela
694 997 817 1066 Noto.-

122 1095 192 1167 Ast
208 1092 267 1164 ubi
284 1092 614 1188 paulatimpraeceps
630 1092 769 1164 audacia
784 1089 901 1174 crevit,

60 1257 64 1266 .
174 1191 359 1286 Cordaque
374 1190 595 1287 languentem
611 1189 801 1282 dedidicere
816 1204 967 1276 metum
1024 1224 1027 1242 ·
1055 1188 1059 1204 ¹

120 1285 197 1360 Jam
213 1311 320 1384 vagus
336 1287 627 1386 exultatpelago3
655 1287 853 1383 coelumque
868 1303 1015 1370 secutus.

169 1386 310 1481 AEgaeas
325 1384 465 1483 hyemes
480 1386 659 1481 lorumque
674 1387 802 1460 domat.
946 1405 961 1444 ὲ

168 1587 316 1662 Pittacus
331 1589 399 1676 ille,
418 1587 478 1685 qui
494 1605 624 1683 septem
639 1584 832 1682 sapientum
853 1606 999 1680 numero
1014 1597 1067 1658 est
1194 1641 1195 1644 ,

118 1683 263 1771 habitus,
285 1687 371 1758 cum
390 1685 421 1756 ei
442 1684 632 1781 Mitylenaei
650 1683 759 1755 multa
777 1681 882 1754 millia
897 1684 1066 1780 ,jugerum

117 1784 189 1880 agri
202 1782 338 1854 muneri
349 1783 489 1854 darent:
515 1781 644 1866 Nolite,
658 1805 745 1950 copo
757 1804 829 1865 vos,
845 1779 966 1876 inquit,
980 1777 1066 1852 mihi

116 1881 211 1968 dare,
235 1881 331 1977 quod
356 1879 455 1952 multi
470 1879 651 1965 ittvideant,
678 1891 793 1974 putes
814 1879 916 1950 etiam
936 1885 1065 1950 con'cu'·
1193 1911 1194 1944 ÷

114 1977 256 2072 piscant.
284 1976 538 2072 Quereexistis
547 1977 630 2048 nolo
642 1977 791 2073 amplitis
803 1976 910 2074 quim
921 1993 1066 2053 centum·
1193 2003 1194 2008 ¹

109 2077 241 2241 jupera,
260 2101 338 2172 quae
352 2094 389 2148 et
406 2099 519 2150 meam
533 2075 637 2147 animi
646 2075 853 2170 aequitatem,
865 2091 900 2144 ct
913 2090 1064 2183 nauem

112 2195 159 2244 ro
172 2190 334 2259 untatem,
355 2172 514 2245 indicent.
564 2173 659 2244 Nem
681 2195 785 2266 parva
805 2188 958 2252 munera,
986 2169 1063 2240 dtu.

112 2268 204 2361 ὅπως
232 2271 422 2368 locupletia,
437 2263 514 2344 ¹nou
529 2269 676 2366 propria,
694 2291 768 2339 esse
784 2281 1048 2340 consueverunt.

114 2442 325 2540 Quicunque
339 2442 398 2516 ille
413 2438 492 2528 fuit,
507 2463 655 2538 puerum
670 2436 731 2534 qui
747 2397 858 2534 pinxit
874 2459 1040 2528 mmm,
1060 2494 1064 2505 ,
1192 2495 1194 2528 p

157 2541 289 2618 Nonne
304 2557 403 2636 putas
418 2540 538 2612 stultas
553 2538 647 2622 hunc
663 2535 820 2610 habuisse
837 2535 984 2610 manus?

111 2638 187 2712 Cur
203 2639 328 2710 etenim
345 2636 487 2708 hamatis
502 2657 624 2706 manus
639 2650 690 2706 est
705 2649 834 2707 armata
849 2633 1003 2736 sagittis?

160 2737 236 2810 Cur
248 2734 406 2830 pharetra
417 2759 463 2805 ex
473 2734 618 2809 humero
632 2733 780 2820 Gnossia
792 2750 939 2830 utroque
946 2723 1056 2830 jaceti

110 2834 186 2911 Cur
201 2833 294 2906 idem
308 2831 438 2905 frustra
453 2848 609 2906 ventosas
624 2830 758 2920 addidit·
769 2830 862 2903 alas?

157 2930 251 3004 Fecit
265 2947 301 3004 et
316 2931 468 3006 humano
484 2931 590 3002 corde
604 2929 720 3004 volare
735 2930 855 3000 Deum
867 2923 882 2999 ἓ

156 3126 355 3226 Dionysus,
377 3103 561 3240 postquem
580 3077 879 3198 auuvtt'monem
900 3116 962 3196 sm
982 3123 1055 3203 set
1193 3103 1194 3116 ‘

105 3219 183 3300 lum
200 3223 311 3300 facere
323 3223 448 3310 conari,
463 3224 574 3296 filium
590 3225 662 3320 ejus
678 3221 726 3293 sic
742 3220 995 3319 educarijussit,
1015 3239 1055 3295 ut

108 3321 319 3419 indulgendo
345 3320 545 3418 turpissimis
568 3319 779 3392 imbueretur
803 3317 1055 3418 cupiditatibus.
1192 3383 1193 3388 ,

107 3421 202 3503 Natu
221 3445 330 3522 puero
350 3436 464 3498 scorta
483 3417 751 3522 adducebantur.
773 3417 853 3494 vino
876 3413 1058 3518 epulisqte‘
1192 3517 1193 3524 Ν

572 3515 591 3591 l
