2404 3914
508 199 550 309 τ’
578 235 654 320 1'05

139 441 239 545 Quid'
252 437 335 514 fuco
351 442 549 538 splendente
564 444 679 514 comas
692 441 840 527 omisse,
858 442 942 538 quid
955 465 1088 542 ungues

188 539 340 612 Artificis
356 539 457 612 docti
474 541 682 613 subsecuisse
700 565 804 612 manu
817 539 842 612 i*

138 637 264 708 Forma
280 637 400 732 placet,
427 639 582 732 quamvis
597 637 726 709 inculto
742 637 871 709 venerit
886 661 970 728 ore3

188 737 265 815 Nec
281 735 427 806 nitidum
443 735 540 807 tardi
556 736 715 808 comserit
731 753 802 807 erte
819 754 931 831 caput.
1066 733 1069 742 ’

187 931 371 1006 Nihil-tam
387 931 567 1029 indignum
583 929 657 1017 fuit,
685 933 792 1028 quim
808 929 904 1026 quod
937 931 980 1002 ab
1012 928 1085 1001 ullo

14 1115 15 1126 χ
140 1029 263 1104 Cicero
273 1031 480 1126 proscriptus
492 1047 560 1118 est3
580 1030 791 1126 abscissaque
808 1030 932 1102 scelere
942 1026 1085 1099 Antonii

137 1151 209 1200 vox
225 1128 361 1222 publica
376 1147 437 1214 est,
456 1129 541 1202 cum
556 1129 629 1224 ejus
645 1127 788 1199 salutem
804 1151 906 1198 nemo
919 1123 1095 1212 defendis-¹

116 1240 198 1308 teet,
218 1224 277 1321 qui
294 1249 355 1320 pet
371 1241 423 1300 tot
438 1249 545 1298 annos
561 1242 594 1298 et
599 1224 782 1394 publicam
801 1223 951 1307 civitatis,
967 1241 1003 1306 et
1019 1221 1085 1317 pri·

139 1337 250 1394 vatam
283 1321 409 1396 civium
441 1345 578 1395 causam
623 1319 807 1396 efenderat.
858 1320 954 1393 Nihil
971 1337 1090 1392 tamen·

137 1417 244 1516 egisti,
258 1420 316 1492 M.
326 1417 469 1505 Antoni.
498 1418 655 1515 Rapuisti
669 1435 709 1492 tu
725 1421 777 1492 M.
798 1417 956 1492 Ciceroni
972 1416 1086 1490 lucem

136 1515 311 1602 solicitam,
330 1536 364 1590 et
380 1533 515 1592 oetatem
531 1516 682 1601 senilem,
706 1533 740 1590 et
755 1515 859 1590 vitam
876 1504 1085 1588 miseriorem

137 1630 171 1684 te
202 1614 364 1711 principe,
407 1613 514 1711 quim
546 1616 611 1686 sub
642 1630 677 1687 te
702 1613 880 1686 triumviro
914 1627 1082 1684 mortem:

135 1702 264 1782 famam
279 1712 364 1784 veri)
381 1712 594 1808 gloriamque
609 1708 779 1783 factorum
795 1727 897 1806 atque
913 1708 1085 1780 dictorum

135 1807 225 1880 adeo
257 1831 329 1880 non
349 1809 530 1899 abstulisti,¹
551 1825 589 1880 ut
621 1809 766 1882 auxens.
819 1807 911 1878 Vivit
925 1805 1085 1900 vivetque

134 1929 197 2001 per
229 1930 369 1980 onmem
400 1908 597 1995 seculorum
628 1907 851 1992 memoriam
903 1903 1084 2000 omnisque

134 2003 310 2096 posten‘tas
335 2003 425 2075 illius
446 2005 482 2075 in
508 2022 541 2076 te
567 2005 694 2099 scripte
717 2003 903 2089 mirabitur,
930 2019 1030 2074 tuum
1046 2000 1083 2073 in

135 2123 216 2174 eum
231 2099 362 2176 factum
378 2101 603 2177 execrabitur.

134 2296 272 2371 Luculli
289 2297 386 2368 miles
402 2299 545 2371 collecta
560 2296 689 2383 viatica,
715 2296 847 2377 multis·

116 2395 314 2471 -AErumnis
336 2395 442 2467 lassus
458 2397 544 2470 dum
559 2413 665 2468 noctu
681 2394 798 2480 stertit,
825 2393 868 2466 ed
885 2415 993 2463 assem
1044 2433 1048 2444 ·

131 2491 353 2661 Perdifierat:
380 2495 550 2594 posthoc,
579 2493 762 2568 vehemens
778 2492 890 2589 lupus,
917 2507 953 2566 et
967 2485 1029 2561 sibi
1049 2502 1086 2562 et

250 2591 321 2662 ‘osti
388 2597 392 2602 “
459 2607 466 2654 ,”
583 2623 586 2630 ·

131 2687 241 2758 Iratus
258 2687 391 2780 pariter,
414 2689 537 2784 jejunis
550 2689 711 2762 dentibus
722 2712 810 2775 acer,
838 2696 844 2726 ·'

131 2783 333 2870 Presidium
350 2786 465 2882 regale
481 2787 558 2858 loeo
575 2782 713 2884 disjecit,
741 2801 778 2856 ut
791 2786 895 2866 aimt,

132 2882 439 2968 Summe-munito,
458 2900 491 2955 et
508 2886 696 2974 multarum
712 2883 813 2956 divite
830 2901 956 2956 rerum,

134 2978 258 3054 Clarus
275 2982 320 3050 ob
337 2980 372 3050 id
388 2980 527 3068 factum,
556 2983 654 3055 donis
671 2997 810 3052 ornatur
827 2975 975 3052 honestis
993 3002 1004 3063 ;

132 3077 269 3170 Accipit
286 3095 320 3149 et
336 3078 388 3150 bis
404 3079 492 3156 dena
507 3104 609 3174 super
626 3077 775 3155 sestertia
791 3073 988 3151 nummum.
1073 3093 1075 3098 ·
1186 3099 1187 3108 ’

132 3173 236 3248 Forte
253 3179 319 3246 sub
335 3176 401 3248 hoc
418 3195 553 3271 tempus
569 3177 746 3250 castellum
772 3192 922 3250 evertere
955 3185 1082 3266 praetot

130 3271 258 3346 Nescio
274 3275 370 3378 quod
386 3275 537 3383 cupieos,
564 3275 691 3357 homati
708 3273 811 3370 coepit
828 3271 977 3347 eundem
1012 3367 1014 3370 Ι
1051 3315 1054 3324 «
1083 3297 1098 3340 .’
