2404 3914
474 255 637 353 467

287 433 476 555 Nunquam
493 458 629 531 libertas
645 458 773 556 gratior
788 477 891 544 extat,
996 428 1001 436 .

139 553 258 650 Quam
275 558 338 629 sub
356 581 438 654 rege
454 557 522 652 pio.
723 589 726 594 ¹

193 737 270 806 Nec
284 735 418 819 domus,
438 759 502 808 nec
525 735 734 832 Respublica
752 754 840 807 stare
855 753 978 830 potest,
1002 738 1029 810 si
1045 739 1081 812 in

138 856 180 903 ea
200 857 264 903 nec
286 832 377 904 recte
396 831 492 904 sactis
511 835 650 929 praemia
673 851 803 921 extent,
830 857 892 905 nec
916 836 1080 931 supplicia

138 931 293 1023 peccatis.

138 1111 252 1183 Crede
268 1110 366 1198 mihi,
383 1109 513 1183 miserie
529 1109 679 1184 coelestia
690 1109 831 1182 numina
848 1130 1006 1204 parcunt,
1073 1147 1077 1152 ·

187 1210 291 1281 Nec
280 1232 415 1304 temper
428 1209 531 1281 laesos
536 1227 577 1280 et
593 1210 665 1280 sine
681 1209 750 1279 fine
767 1228 938 1301 premunt.

192 1380 375 1454 Timoleon
393 1382 592 1456 Corinthius
615 1407 760 1479 magnus
785 1381 939 1454 omnium
950 1381 1081 1478 judicio

138 1477 189 1550 vir
199 1479 325 1556 extitit
375 1482 537 1575 Namque
549 1481 629 1552 huic
642 1481 701 1551 uni
718 1480 869 1574 contigit,
885 1497 923 1550 ut
940 1481 1082 1572 patriam

60 1603 70 1612 ·
138 1601 372 1669 oppressarna
401 1595 546 1671 tyranno
564 1577 732 1648 liberaret.
783 1578 881 1648 Cum
897 1573 1038 1646 frater
1010 1601 1084 1670 ejus

139 1673 375 1766 Timophanes
401 1674 615 1784 tyrannidem
633 1671 792 1743 Corinthi
825 1670 1038 1764 occupasset,
1049 1689 1083 1744 et

140 1770 211 1882 ipse
228 1767 395 1863 particeps
418 1767 515 1864 regni
544 1785 657 1862 posset
673 1793 763 1857 esse3
789 1769 925 1839 tantum
942 1765 1083 1842 abfuita
1192 1771 1197 1780 '

139 1867 297 1938 societate
264 1865 465 1949 tsceleris‚
497 1884 536 1937 ut
568 1865 817 1937 antetulerit
788 1866 912 1937 crvium
940 1891 1083 1937 suorum
1113 1925 1116 1930 .

141 1964 328 2036 libertatem
341 1961 453 2034 fratris
469 1964 580 2050 saluti,
591 1981 625 2034 et
634 1964 750 2058 patriae
763 1964 895 2060 legibus
908 1966 1083 2076 obtempe-

139 2085 214 2132 rare
251 2061 396 2133 sanctius
431 2061 580 2148 duxerit,
614 2085 719 2156 quam
751 2062 920 2156 imperare
953 2063 1081 2153 patriae.

139 2157 217 2230 Hac
256 2175 383 2246 mente,
423 2155 565 2230 fratrem
591 2176 775 2254 tyrannum
809 2157 1083 2230 interficiendum

140 2255 277 2327 curavit.

137 2426 208 2499 Odi
225 2445 259 2498 et
274 2451 373 2498 amo:
392 2451 498 2522 quare
514 2427 549 2497 id
562 2424 684 2498 faciam
700 2424 843 2496 fortasse
859 2423 1022 2522 requiris;

185 2525 312 2596 Nescio
327 2552 338 2612 3
357 2525 417 2598 sed
430 2525 504 2596 fieri
518 2523 643 2610 sentin,
656 2539 690 2594 et
703 2522 893 2598 excrucior.
924 2581 926 2586 .

84 2697 85 2702 ’
131 2749 135 2756 .
188 2683 319 2770 Literas
335 2697 378 2766 ad
395 2721 432 2768 se
443 2696 486 2767 ab
503 2694 612 2766 amico
625 2696 753 2783 missas,
771 2697 958 2769 offensione
970 2695 1084 2790 aliqua
1192 2767 1193 2772 ,

138 2793 336 2866 inmedium
363 2791 531 2888 proferre,
558 2793 737 2913 palamque
763 2795 914 2876 recitare,
934 2792 1017 2861 nihil
1034 2809 1085 2866 est
1107 2863 1114 2872 ,

138 2890 230 2962 aliud
232 2915 360 2985 ‚quam
376 2890 528 2963 tollere
512 2915 532 2962 e
550 2890 618 2964 vita
636 2893 845 2975 societatem,
862 2889 983 2959 tollere
1003 2889 1084 2962 ami·

139 2989 436 3084 eorumcolloquia
444 2989 651 3060 absentium
661 2990 768 3058 multa
785 2987 875 3056 enim
890 2985 964 3056 loca
975 2987 1084 3060 solent
1191 2987 1192 3012 ³

139 3110 211 3156 esse
227 3085 436 3179 inepistolis‚
461 3110 551 3180 quae‚
568 3084 736 3178 prolata
711 3109 738 3153 st
768 3083 844 3168 sint,
874 3083 987 3177 inepta
1013 3109 1085 3157 esse

137 3182 331 3255 videantur:
351 3199 384 3256 et
397 3184 504 3256 multa
521 3181 618 3268 seria,
631 3206 743 3276 neque
759 3198 873 3284 tamen
890 3181 973 3256 ullo
978 3182 1084 3254 modo

137 3279 391 3377 divulganda
1189 3287 1190 3304 *
