2404 3914
569 201 623 294 73

173 392 301 492 Quum
314 401 358 474 de
371 397 550 474 Simonide
561 394 769 495 quaesivisset
781 393 1071 494 tyrannuaHiero

118 494 204 589 quid
221 517 308 570 esset
318 501 427 584 Deus,
439 495 648 572 deliberandi
663 497 765 570 causi
777 496 840 568 sibi
853 519 960 568 unum
977 495 1070 567 diem

120 593 311 685 postulavit.
365 597 491 690 Quum
502 595 595 668 idem
607 620 652 666 ex
665 619 707 665 eo
716 593 875 690 postridie
885 610 1066 689 quaereret,

120 688 266 761 biduum
288 693 392 787 petiit.
446 691 572 788 Quum
599 691 727 786 sapitis
743 690 931 786 duplicaret
947 713 1067 764 nurne-

119 808 198 856 rum
240 789 385 874 dierum,
403 789 643 885 admiransque
671 789 780 860 Hiero
797 803 978 882 quaereret,
1003 805 1069 858 cur

120 880 166 952 ita
191 881 338 960 faceret?
366 887 468 980 Quia,
495 887 615 982 inquit,
643 903 773 982 quanto
792 882 930 958 'diutius
957 882 1070 955 consi
1137 905 1140 911 ·

121 979 216 1068 dero,
235 1000 329 1056 tanto
348 984 432 1056 mihi
443 1009 496 1057 res
508 984 643 1056 videtur
653 982 843 1056 obscurior.

123 1145 244 1217 Ludus
261 1144 353 1216 enim
365 1145 484 1244 genuit
496 1144 668 1244 trepidum
692 1161 876 1229 certamen,
895 1157 931 1216 et
949 1139 1037 1214 iram
1052 1121 1064 1212 ξ

119 1247 174 1319 Ira
189 1260 304 1316 truces
318 1243 516 1330 inimicitias,
531 1261 565 1316 et
580 1242 727 1347 funebre
742 1241 884 1315 bellum.

169 1421 366 1496 Minabatur
407 1393 616 1497 Theodoro'
644 1405 851 1520 philosopho
900 1439 1066 1520 tyrannus

117 1519 277 1607 mortem,
305 1540 339 1593 et
355 1522 496 1616 quidem
528 1523 600 1594 sine
626 1521 836 1617 sepultura,
866 1520 934 1594 Cui
950 1519 1067 1590 Theo·

116 1621 247 1690 dorus:
267 1657 271 1668 ·
292 1619 328 1688 O
361 1636 395 1688 te
416 1618 582 1712 ineptum,
608 1617 636 1690 si
651 1616 938 1712 putaainterasse,
964 1617 1068 1712 supra

117 1734 245 1790 terram
274 1737 318 1784 an
334 1711 434 1800 infra,
452 1715 660 1810 putrescam!
786 1797 788 1802 ,

116 1890 210 1963 Nam
222 1887 283 1984 qui
299 1887 446 1975 mentiri,
464 1906 524 1962 aut
539 1887 658 1964 fallere
673 1888 814 1966 insuerit
827 1908 972 1990 patrem,

117 1983 231 2066 Tanto
247 1986 356 2085 magis
371 1988 510 2062 audebit
527 2005 669 2064 ceteros.

58 2169 64 2178 ·
106 2188 110 2195 ·
168 2148 289 2238 Solon,
306 2149 390 2224 clim
408 2149 687 2250 interrogaretur,
706 2177 768 2228 cur
784 2145 920 2222 nullum
938 2143 1066 2241 suppli·

2 2331 3 2352 χ
117 2243 209 2318 cium
226 2243 450 2322 constituisset
465 2249 502 2320 in
519 2274 613 2336 eum,
630 2249 690 2345 qui
706 2264 882 2342 parentem
898 2241 1063 2326 necasset,

2 2355 3 2414 3
115 2343 290 2440 respondit
300 2369 338 2418 se
353 2345 388 2416 id
401 2344 574 2420 neminem
585 2343 758 2418 facturum
768 2341 917 2440 putasse.

307 2576 331 2615 ·.
465 2509 780 2620 Nullireparabilis
795 2539 868 2614 arte
929 2553 932 2556 ·
1033 2529 1037 2536 '

165 2617 265 2692 Laesa
281 2617 441 2715 pudicitia
457 2641 524 2713 est;
544 2621 675 2719 deperit
690 2623 747 2696 illa
763 2623 881 2734 semel.

166 2797 373 2898 Sepulcrum
408 2799 491 2898 Cyri
524 2803 725 2876 Alexander
753 2802 852 2902 jussit
879 2791 1013 2896 aperiri»
1029 2796 1067 2868 5¹1

1 2976 3 2995 >
116 2919 187 2992 quo
205 2913 277 2969 erat
293 2897 469 2971 conditum
487 2901 559 2997 ejus
577 2923 716 2998 corpus,
744 2902 802 2971 cui
833 2898 969 2970 volebat
985 2896 1069 2969 dare

2 2999 3 3014 ¹
113 2989 260 3066 inferias.
311 2998 412 3066 Auro
428 3015 639 3094 argentoque
667 2998 837 3091 repletum
865 3019 938 3067 esse
959 2993 1070 3067 credi·
1166 2993 1168 3000 ’

115 3091 229 3180 derat;
249 3089 375 3188 quippe
386 3092 431 3164 ita
446 3091 560 3166 Persae¹
587 3096 820 3190 vulgaverant.
870 3093 950 3178 Sed,
982 3100 1070 3188 pra·
1166 3137 1171 3144 -

114 3203 167 3260 ter
180 3189 429 3289 clypeumejus
445 3207 641 3288 putremet
657 3214 757 3262 arcus
774 3193 860 3266 duos
877 3189 1070 3288 Scythicos,

69 3289 73 3296 ’
114 3302 150 3361 et
165 3285 347 3380 acinacem,
361 3289 445 3366 nihil
468 3289 612 3464 reperi&
657 3289 827 3370 Ceterum
842 3289 966 3365 velavit
988 3283 1070 3365 ami·
1198 3289 1199 3294 ’
