2404 3914
162 419 165 424 ·
276 400 317 495 O¹
329 399 396 470 vita
412 399 537 472 misero
555 402 686 499 longa:
713 401 803 477 felici
819 369 954 496 biduis'3

185 517 188 524 ’
272 497 401 570 Felices
414 501 578 594 sequeris,
597 527 701 586 mors,
721 505 861 576 miseros
878 504 980 604 fugis.

155 747 158 752 ,
224 673 387 744 Hostium
403 674 599 768 repentinus
616 675 782 746 adventus
801 676 909 774 magis
926 681 1118 763 conturbat,

172 770 282 882 quim
292 789 507 869 expectatus:
526 789 561 842 et
578 773 680 844 maris
692 774 804 846 subita
821 761 1000 870 tempesias
1017 794 1122 850 terret

156 870 376 967 navigantes·
388 869 636 958 vehementius,
657 873 763 966 quam
780 872 858 943 ante
877 874 1021 970 provisa.

745 1060 874 1134 Minuti

176 1153 320 1256 Semper
344 1177 379 1231 et
402 1159 528 1232 infirmi
550 1178 600 1233 est
622 1159 736 1246 animi,
756 1163 940 1260 exiguique
965 1157 1122 1260 voluptas

152 1281 154 1284 ’
176 1260 286 1336 Ultio.

225 1461 394 1532 Leonidas
407 1458 700 1545 Lacedaemonius,
720 1485 801 1532 cum
817 1460 975 1532 trecentis
992 1460 1123 1534 civibus

175 1561 267 1656 apud
292 1560 543 1654 Thermopylas
556 1562 723 1654 ,objectus
749 1559 859 1628 Xerxi
882 1559 918 1628 in
947 1559 1121 1632 Graeciam

175 1657 378 1752 irrumpenti
420 1681 501 1727 cum
539 1656 778 1726 innumerabili
824 1655 972 1726 militum
1008 1657 1119 1751 copia

175 1757 296 1828 maluit
320 1757 536 1824 occumbere.
551 1753 757 1840 dimicando,
789 1753 895 1850 quim
920 1753 1122 1852 assignatam

173 1855 238 1930 sibi
272 1851 425 1947 &patrii
450 1852 629 1924 stationem
658 1852 823 1924 deserere.
875 1853 1026 1948 Ideoque
1051 1871 1122 1924 tam

174 1953 277 2028 alacri
293 1951 407 2022 animo
432 1952 629 2023 cohortatus
645 1968 696 2022 est
718 1947 798 2022 suos
820 1951 864 2022 ad
892 1951 928 2022 id
950 1951 1119 2045 praelium',

175 2078 245 2148 quo
256 2051 395 2148 perituri
405 2068 511 2134 erant,
520 2069 557 2122 ut
568 2052 711 2122 diceret:
730 2049 786 2122 Sic
797 2050 971 2144 prandete,
980 2051 1123 2122 commi-

176 2149 306 2237 litones,
329 2168 491 2246 tanquam
519 2148 611 2244 apud
637 2146 766 2220 inferos
791 2146 970 2218 coenaturi.
1021 2151 1122 2219 Mors

155 2269 246 2333 erat
263 2251 465 2323 denunciata
476 2247 642 2319 trecentis
656 2245 721 2315 illis
739 2244 1031 2316 Lacedaemoniis:
1057 2270 1121 2318 nec

175 2349 351 2430 victoriam
376 2349 565 2441 sperabant,
593 2369 656 2415 nec
682 2343 853 2414 reditum:
879 2343 937 2413 ille
962 2335 1058 2434 locus
1082 2344 1121 2414 iis

174 2448 371 2560 sepulcrum
388 2444 525 2518 futurus
542 2460 623 2514 erat.
636 2441 782 2513 Perinde
799 2459 913 2532 tamen
930 2467 969 2514 ac
982 2441 1121 2514 victoria

109 2633 114 2642 Ι
172 2566 260 2626 esset
276 2544 451 2641 promissa,
472 2541 605 2614 ductori
622 2538 788 2636 intrepide
806 2559 1003 2636 paruerunt.

76 2701 85 2726 i
173 2726 236 2810 Nil
253 2720 423 2814 admirari,
441 2729 616 2819 properes
634 2740 683 2794 est
700 2747 778 2808 una,
797 2719 949 2804 Numici,
1043 2709 1048 2726 ’

172 2828 333 2923 Solaque,
353 2851 431 2922 quae
448 2821 553 2920 possit
569 2821 682 2895 facere
699 2839 732 2894 et
749 2845 883 2892 servare
898 2823 1058 2906 beatum.-

158 3027 164 3035 '
220 3011 299 3080 Nos
322 3007 368 3077 ita
392 3005 610 3101 liquescimus
634 2999 789 3082 mollitia,
809 3016 846 3068 ut
864 2997 935 3094 apis
958 3001 1117 3073 aculeum

173 3107 245 3182 sine
262 3105 411 3179 clamore
428 3103 517 3175 ferre
534 3126 605 3172 non
622 3098 812 3196 possimus„

12 3353 14 3360 ,
174 3283 345 3378 Frangere
357 3281 443 3352 dum
453 3274 586 3359 metuis,
600 3272 729 3370 frangis
740 3261 931 3370 crystallina
946 3302 956 3362 ;
976 3283 1117 3377 peccant

120 3469 124 3476 Ι
224 3383 364 3473 Securae
381 3377 539 3459 nimium,
558 3373 767 3468 solicitaeque
783 3394 916 3442 manus.
