2398 3926
586 183 642 268 49

189 378 363 475 Quicquid
380 380 539 476 patimur,
557 379 701 452 mortale
717 399 837 478 genus,

107 565 109 570 Ι
186 477 361 574 Quicquid
378 477 536 566 facimus,
552 479 645 550 venit
661 505 706 550 ex
723 479 802 552 alto.

183 651 218 720 Ο
237 675 362 748 magna
387 653 438 723 vis
454 653 612 738 veritatis,
640 679 720 748 quae
753 668 872 724 contra
903 647 1087 728 hominum

133 745 279 843 ingenia,
293 751 519 835 calliditatem,
532 751 713 836 solertiam,
724 767 913 846 contraque
929 747 1086 826 omnium

130 845 277 932 insidias,
295 846 395 922 facile
413 875 450 922 se
466 875 528 946 per
539 850 685 947 seipsam
699 847 882 922 defendat!

134 1045 228 1140 Quae'
242 1063 336 1118 natat
352 1047 389 1117 in
405 1043 521 1122 Siculo
539 1046 678 1145 grandis
695 1069 850 1118 muraena
866 1041 1054 1145 profundo,

177 1146 263 1233 Non
279 1146 369 1218 valet
385 1164 543 1219 exustam
559 1171 715 1244 mergere
732 1145 804 1216 sole
820 1161 947 1217 cutem.

177 1315 346 1390 Mortuos·
359 1333 533 1405 cremare,
568 1319 660 1416 apud
695 1320 875 1392 Romanos
907 1311 1080 1411 nonfuit

123 1417 246 1489 veteris
261 1417 423 1490 instituti:
442 1417 540 1492 terrai*
551 1419 796 1491 condebantur.
822 1421 874 1490 At
893 1415 1079 1513 postquam

126 1511 320 1632 longinquis
340 1517 439 1589 bellis
470 1519 613 1598 obrutos
645 1516 719 1588 erui
751 1539 957 1614 cognovere,
993 1530 1079 1588 tunc

126 1633 330 1688 mstltutum.

123 1790 207 1875 mc,
216 1787 562 1874 ubinuncRomaest,
571 1784 663 1859 orbis
672 1782 1075 1882 caput,arb0retherbae,

157 1891 220 1962 ·Et
236 1913 353 1984 paucae
370 1886 530 1984 pecudes,
550 1903 584 1958 et
600 1911 676 1958 casa
692 1909 767 1960 rata
782 1881 859 1958 fuit.

172 2087 356 2184 Optimum
371 2085 436 2160 erit
450 2085 565 2183 pueris
581 2084 654 2157 dari
670 2102 898 2181 praeceptores
914 2079 1076 2178 paedago·

119 2213 252 2286 gosque
276 2186 438 2259 vitiorum
470 2199 651 2280 expertes:
687 2205 810 2254 eorum
831 2178 926 2252 enim
959 2201 1075 2250 mores

118 2284 217 2384 pueri
232 2284 438 2380 plerumque
462 2280 626 2354 referunt.
653 2281 761 2374 Apud
782 2277 962 2350 Platonem
992 2276 1076 2348 edu-

113 2402 211 2458 catus
226 2407 323 2478 puer,
342 2383 440 2465 calm,
458 2380 501 2451 ad
524 2394 681 2475 parentes
701 2400 870 2464 reversus,
886 2372 1075 2446 vociferan.

116 2491 187 2556 tem
204 2479 334 2553 videret
358 2496 513 2576 patrem:
535 2479 738 2570 Nunquam,
756 2474 876 2572 inquit,
896 2474 962 2547 hoc
978 2473 1073 2570 apud

96 2581 296 2656 ¹Platonem
325 2575 449 2648 audivi.
475 2574 655 2656 Leonidas,
690 2572 881 2648 Alexandri
909 2574 1071 2670 paedago.

114 2701 193 2774 gus,
212 2673 334 2746 imbuit
350 2673 530 2745 alumnum
547 2671 751 2768 quibusdam
760 2672 856 2759 vitiis,
879 2671 1068 2768 quaeillum

50 2851 54 2858 ,
114 2779 158 2848 ab
183 2773 393 2846 institutione
421 2769 543 2869 puerili
576 2789 753 2869 persecuta
776 2789 856 2845 sunt
889 2791 1000 2867 usque
1031 2766 1069 2844 in

114 2873 229 2972 regale
245 2871 380 2970 solium.
790 2871 793 2878 '

375 3067 448 3142 Ubi
464 3089 536 3140 non
552 3085 602 3138 est
619 3065 743 3162 pudor,
789 3097 796 3112 ⁴

110 3173 150 3246 N
151 3195 189 3242 ec
207 3194 288 3242 cura
300 3165 396 3267 juris,
415 3166 582 3250 sanctitas,
599 3165 716 3262 pietas,
734 3161 830 3251 fides,

114 3267 273 3346 Instabile
288 3291 436 3370 regnum
452 3282 513 3340 est.
573 3335 604 3440 Ε,
